
% --------------------------------------- A ---------------------------------------


@BOOK{1986isra.book.....T,
   author = {{Thompson}, A.~R. and {Moran}, J.~M. and {Swenson}, G.~W.},
    title = "{Interferometry and synthesis in radio astronomy}",
 keywords = {Antenna Arrays, Radio Astronomy, Radio Interferometers, Signal Processing, Astrometry, Fourier Transformation, Geodesy, Radio Frequency Interference, Very Long Base Interferometry, Wave Propagation},
booktitle = {New York, Wiley-Interscience, 1986, 554 p.},
     year = 1986,
   adsurl = {http://adsabs.harvard.edu/abs/1986isra.book.....T},
  adsnote = {Provided by the SAO/NASA Astrophysics Data System}
}


@ARTICLE{abel/etal:2002,
   author = {{Abel}, T. and {Bryan}, G.~L. and {Norman}, M.~L.},
    title = "{The Formation of the First Star in the Universe}",
  journal = {Science},
   eprint = {astro-ph/0112088},
     year = 2002,
    month = jan,
   volume = 295,
    pages = {93-98},
      doi = {10.1126/science.295.5552.93},
   adsurl = {http://adsabs.harvard.edu/abs/2002Sci...295...93A},
  adsnote = {Provided by the SAO/NASA Astrophysics Data System}
}

@ARTICLE{abel/etal:2007,
   author = {{Abel}, T. and {Wise}, J.~H. and {Bryan}, G.~L.},
    title = "{The H II Region of a Primordial Star}",
  journal = {\apjl},
   eprint = {astro-ph/0606019},
 keywords = {Cosmology: Theory, ISM: H II Regions, Stars: Formation},
     year = 2007,
    month = apr,
   volume = 659,
    pages = {L87-L90},
      doi = {10.1086/516820},
   adsurl = {http://adsabs.harvard.edu/abs/2007ApJ...659L..87A},
  adsnote = {Provided by the SAO/NASA Astrophysics Data System}
}

@ARTICLE{agostini/etal:2013,
   author = {{Agostini}, M. and {Allardt}, M. and {Andreotti}, E. and {Bakalyarov}, A.~M. and 
    {Balata}, M. and {Barabanov}, I. and {Barnab{\'e} Heider}, M. and 
    {Barros}, N. and {Baudis}, L. and {Bauer}, C. and {Becerici-Schmidt}, N. and 
    {Bellotti}, E. and {Belogurov}, S. and {Belyaev}, S.~T. and 
    {Benato}, G. and {Bettini}, A. and {Bezrukov}, L. and {Bode}, T. and 
    {Brudanin}, V. and {Brugnera}, R. and {Budj{\'a}{\v s}}, D. and 
    {Caldwell}, A. and {Cattadori}, C. and {Chernogorov}, A. and 
    {Cossavella}, F. and {Demidova}, E.~V. and {Domula}, A. and 
    {Egorov}, V. and {Falkenstein}, R. and {Ferella}, A. and {Freund}, K. and 
    {Frodyma}, N. and {Gangapshev}, A. and {Garfagnini}, A. and 
    {Gotti}, C. and {Grabmayr}, P. and {Gurentsov}, V. and {Gusev}, K. and 
    {Guthikonda}, K.~K. and {Hampel}, W. and {Hegai}, A. and {Heisel}, M. and 
    {Hemmer}, S. and {Heusser}, G. and {Hofmann}, W. and {Hult}, M. and 
    {Inzhechik}, L.~V. and {Ioannucci}, L. and {Janicsk{\'o} Cs{\'a}thy}, J. and 
    {Jochum}, J. and {Junker}, M. and {Kihm}, T. and {Kirpichnikov}, I.~V. and 
    {Kirsch}, A. and {Klimenko}, A. and {Kn{\"o}pfle}, K.~T. and 
    {Kochetov}, O. and {Kornoukhov}, V.~N. and {Kuzminov}, V.~V. and 
    {Laubenstein}, M. and {Lazzaro}, A. and {Lebedev}, V.~I. and 
    {Lehnert}, B. and {Liao}, H.~Y. and {Lindner}, M. and {Lippi}, I. and 
    {Liu}, X. and {Lubashevskiy}, A. and {Lubsandorzhiev}, B. and 
    {Lutter}, G. and {Macolino}, C. and {Machado}, A.~A. and {Majorovits}, B. and 
    {Maneschg}, W. and {Misiaszek}, M. and {Nemchenok}, I. and {Nisi}, S. and 
    {O'Shaughnessy}, C. and {Pandola}, L. and {Pelczar}, K. and 
    {Pessina}, G. and {Pullia}, A. and {Riboldi}, S. and {Rumyantseva}, N. and 
    {Sada}, C. and {Salathe}, M. and {Schmitt}, C. and {Schreiner}, J. and 
    {Schulz}, O. and {Schwingenheuer}, B. and {Sch{\"o}nert}, S. and 
    {Shevchik}, E. and {Shirchenko}, M. and {Simgen}, H. and {Smolnikov}, A. and 
    {Stanco}, L. and {Strecker}, H. and {Tarka}, M. and {Ur}, C.~A. and 
    {Vasenko}, A.~A. and {Volynets}, O. and {von Sturm}, K. and 
    {Wagner}, V. and {Walter}, M. and {Wegmann}, A. and {Wester}, T. and 
    {Wojcik}, M. and {Yanovich}, E. and {Zavarise}, P. and {Zhitnikov}, I. and 
    {Zhukov}, S.~V. and {Zinatulina}, D. and {Zuber}, K. and {Zuzel}, G.
    },
    title = "{Results on Neutrinoless Double-{$\beta$} Decay of Ge76 from Phase I of the GERDA Experiment}",
  journal = {Physical Review Letters},
archivePrefix = "arXiv",
   eprint = {1307.4720},
 primaryClass = "nucl-ex",
 keywords = {Beta decay, double beta decay, electron and muon capture, Lifetimes, 59\&lt, =A\&lt, =89, Solid-state detectors},
     year = 2013,
    month = sep,
   volume = 111,
   number = 12,
      eid = {122503},
    pages = {122503},
      doi = {10.1103/PhysRevLett.111.122503},
   adsurl = {http://adsabs.harvard.edu/abs/2013PhRvL.111l2503A},
  adsnote = {Provided by the SAO/NASA Astrophysics Data System}
}

@ARTICLE{ahmad/etal:2002,
   author = {{Ahmad}, Q.~R. and {Allen}, R.~C. and {Andersen}, T.~C. and 
    {Anglin}, J.~D. and {Barton}, J.~C. and {Beier}, E.~W. and {Bercovitch}, M. and 
    {Bigu}, J. and {Biller}, S.~D. and {Black}, R.~A. and {Blevis}, I. and 
    {Boardman}, R.~J. and {Boger}, J. and {Bonvin}, E. and {Boulay}, M.~G. and 
    {Bowler}, M.~G. and {Bowles}, T.~J. and {Brice}, S.~J. and {Browne}, M.~C. and 
    {Bullard}, T.~V. and {B{\"u}hler}, G. and {Cameron}, J. and 
    {Chan}, Y.~D. and {Chen}, H.~H. and {Chen}, M. and {Chen}, X. and 
    {Cleveland}, B.~T. and {Clifford}, E.~T. and {Cowan}, J.~H. and 
    {Cowen}, D.~F. and {Cox}, G.~A. and {Dai}, X. and {Dalnoki-Veress}, F. and 
    {Davidson}, W.~F. and {Doe}, P.~J. and {Doucas}, G. and {Dragowsky}, M.~R. and 
    {Duba}, C.~A. and {Duncan}, F.~A. and {Dunford}, M. and {Dunmore}, J.~A. and 
    {Earle}, E.~D. and {Elliott}, S.~R. and {Evans}, H.~C. and {Ewan}, G.~T. and 
    {Farine}, J. and {Fergani}, H. and {Ferraris}, A.~P. and {Ford}, R.~J. and 
    {Formaggio}, J.~A. and {Fowler}, M.~M. and {Frame}, K. and {Frank}, E.~D. and 
    {Frati}, W. and {Gagnon}, N. and {Germani}, J.~V. and {Gil}, S. and 
    {Graham}, K. and {Grant}, D.~R. and {Hahn}, R.~L. and {Hallin}, A.~L. and 
    {Hallman}, E.~D. and {Hamer}, A.~S. and {Hamian}, A.~A. and 
    {Handler}, W.~B. and {Haq}, R.~U. and {Hargrove}, C.~K. and 
    {Harvey}, P.~J. and {Hazama}, R. and {Heeger}, K.~M. and {Heintzelman}, W.~J. and 
    {Heise}, J. and {Helmer}, R.~L. and {Hepburn}, J.~D. and {Heron}, H. and 
    {Hewett}, J. and {Hime}, A. and {Howe}, M. and {Hykawy}, J.~G. and 
    {Isaac}, M.~C. and {Jagam}, P. and {Jelley}, N.~A. and {Jillings}, C. and 
    {Jonkmans}, G. and {Kazkaz}, K. and {Keener}, P.~T. and {Klein}, J.~R. and 
    {Knox}, A.~B. and {Komar}, R.~J. and {Kouzes}, R. and {Kutter}, T. and 
    {Kyba}, C.~C. and {Law}, J. and {Lawson}, I.~T. and {Lay}, M. and 
    {Lee}, H.~W. and {Lesko}, K.~T. and {Leslie}, J.~R. and {Levine}, I. and 
    {Locke}, W. and {Luoma}, S. and {Lyon}, J. and {Majerus}, S. and 
    {Mak}, H.~B. and {Maneira}, J. and {Manor}, J. and {Marino}, A.~D. and 
    {McCauley}, N. and {McDonald}, A.~B. and {McDonald}, D.~S. and 
    {McFarlane}, K. and {McGregor}, G. and {Meijer Drees}, R. and 
    {Mifflin}, C. and {Miller}, G.~G. and {Milton}, G. and {Moffat}, B.~A. and 
    {Moorhead}, M. and {Nally}, C.~W. and {Neubauer}, M.~S. and 
    {Newcomer}, F.~M. and {Ng}, H.~S. and {Noble}, A.~J. and {Norman}, E.~B. and 
    {Novikov}, V.~M. and {O'Neill}, M. and {Okada}, C.~E. and {Ollerhead}, R.~W. and 
    {Omori}, M. and {Orrell}, J.~L. and {Oser}, S.~M. and {Poon}, A.~W. and 
    {Radcliffe}, T.~J. and {Roberge}, A. and {Robertson}, B.~C. and 
    {Robertson}, R.~G. and {Rosendahl}, S.~S. and {Rowley}, J.~K. and 
    {Rusu}, V.~L. and {Saettler}, E. and {Schaffer}, K.~K. and {Schwendener}, M.~H. and 
    {Sch{\"u}lke}, A. and {Seifert}, H. and {Shatkay}, M. and {Simpson}, J.~J. and 
    {Sims}, C.~J. and {Sinclair}, D. and {Skensved}, P. and {Smith}, A.~R. and 
    {Smith}, M.~W. and {Spreitzer}, T. and {Starinsky}, N. and {Steiger}, T.~D. and 
    {Stokstad}, R.~G. and {Stonehill}, L.~C. and {Storey}, R.~S. and 
    {Sur}, B. and {Tafirout}, R. and {Tagg}, N. and {Tanner}, N.~W. and 
    {Taplin}, R.~K. and {Thorman}, M. and {Thornewell}, P.~M. and 
    {Trent}, P.~T. and {Tserkovnyak}, Y.~I. and {van Berg}, R. and 
    {van de Water}, R.~G. and {Virtue}, C.~J. and {Waltham}, C.~E. and 
    {Wang}, J.-X. and {Wark}, D.~L. and {West}, N. and {Wilhelmy}, J.~B. and 
    {Wilkerson}, J.~F. and {Wilson}, J.~R. and {Wittich}, P. and 
    {Wouters}, J.~M. and {Yeh}, M.},
    title = "{Direct Evidence for Neutrino Flavor Transformation from Neutral-Current Interactions in the Sudbury Neutrino Observatory}",
  journal = {Physical Review Letters},
   eprint = {nucl-ex/0204008},
 keywords = {Cosmic Rays, Deuterons, Direct Current, Elementary Particle Interactions, Flavor (Particle Physics), Neutral Currents, Neutrinos, Nuclear Astrophysics, Oscillations, Particle Mass, Solar Cosmic Rays, Solar Neutrinos},
     year = 2002,
    month = jul,
   volume = 89,
   number = 1,
    pages = {011301},
      doi = {10.1103/PhysRevLett.89.011301},
   adsurl = {http://adsabs.harvard.edu/abs/2002PhRvL..89a1301A},
  adsnote = {Provided by the SAO/NASA Astrophysics Data System}
}

@ARTICLE{alihamoud/bird:2013,
   author = {{Ali-Ha{\"i}moud}, Y. and {Bird}, S.},
    title = "{An efficient implementation of massive neutrinos in non-linear structure formation simulations}",
  journal = {\mnras},
archivePrefix = "arXiv",
   eprint = {1209.0461},
 keywords = {neutrinos, cosmology: dark matter, cosmology: large-scale structure of Universe, cosmology: theory},
     year = 2013,
    month = feb,
   volume = 428,
    pages = {3375-3389},
      doi = {10.1093/mnras/sts286},
   adsurl = {http://adsabs.harvard.edu/abs/2013MNRAS.428.3375A},
  adsnote = {Provided by the SAO/NASA Astrophysics Data System}
}

@ARTICLE{alvarez/etal:2006,
   author = {{Alvarez}, M.~A. and {Bromm}, V. and {Shapiro}, P.~R.},
    title = "{The H II Region of the First Star}",
  journal = {\apj},
   eprint = {astro-ph/0507684},
 keywords = {Cosmology: Theory, Galaxies: Formation, Galaxies: Intergalactic Medium, Stars: Formation},
     year = 2006,
    month = mar,
   volume = 639,
    pages = {621-632},
      doi = {10.1086/499578},
   adsurl = {http://adsabs.harvard.edu/abs/2006ApJ...639..621A},
  adsnote = {Provided by the SAO/NASA Astrophysics Data System}
}

@ARTICLE{alvarez/etal:2009,
   author = {{Alvarez}, M.~A. and {Busha}, M. and {Abel}, T. and {Wechsler}, R.~H.
    },
    title = "{Connecting Reionization to the Local Universe}",
  journal = {\apjl},
archivePrefix = "arXiv",
   eprint = {0812.3405},
 keywords = {cosmology: theory, galaxies: formation, intergalactic medium},
     year = 2009,
    month = oct,
   volume = 703,
    pages = {L167-L171},
      doi = {10.1088/0004-637X/703/2/L167},
   adsurl = {http://adsabs.harvard.edu/abs/2009ApJ...703L.167A},
  adsnote = {Provided by the SAO/NASA Astrophysics Data System}
}

@ARTICLE{alvarez/abel:2012,
   author = {{Alvarez}, M.~A. and {Abel}, T.},
    title = "{The Effect of Absorption Systems on Cosmic Reionization}",
  journal = {\apj},
archivePrefix = "arXiv",
   eprint = {1003.6132},
 primaryClass = "astro-ph.CO",
 keywords = {cosmology: theory, dark ages, reionization, first stars, intergalactic medium},
     year = 2012,
    month = mar,
   volume = 747,
      eid = {126},
    pages = {126},
      doi = {10.1088/0004-637X/747/2/126},
   adsurl = {http://adsabs.harvard.edu/abs/2012ApJ...747..126A},
  adsnote = {Provided by the SAO/NASA Astrophysics Data System}
}

@ARTICLE{alvarez/etal:2012,
   author = {{Alvarez}, M.~A. and {Finlator}, K. and {Trenti}, M.},
    title = "{Constraints on the Ionizing Efficiency of the First Galaxies}",
  journal = {\apjl},
archivePrefix = "arXiv",
   eprint = {1209.1387},
 keywords = {cosmology: theory, dark ages, reionization, first stars, intergalactic medium},
     year = 2012,
    month = nov,
   volume = 759,
      eid = {L38},
    pages = {L38},
      doi = {10.1088/2041-8205/759/2/L38},
   adsurl = {http://adsabs.harvard.edu/abs/2012ApJ...759L..38A},
  adsnote = {Provided by the SAO/NASA Astrophysics Data System}
}

@ARTICLE{aubert/teyssier:2010,
   author = {{Aubert}, D. and {Teyssier}, R.},
    title = "{Reionization Simulations Powered by Graphics Processing Units. I. On the Structure of the Ultraviolet Radiation Field}",
  journal = {\apj},
archivePrefix = "arXiv",
   eprint = {1004.2503},
 keywords = {dark ages, reionization, first stars, methods: numerical, radiative transfer},
     year = 2010,
    month = nov,
   volume = 724,
    pages = {244-266},
      doi = {10.1088/0004-637X/724/1/244},
   adsurl = {http://adsabs.harvard.edu/abs/2010ApJ...724..244A},
  adsnote = {Provided by the SAO/NASA Astrophysics Data System}
}

% --------------------------------------- B ---------------------------------------

@ARTICLE{barkana/loeb:1999,
   author = {{Barkana}, R. and {Loeb}, A.},
    title = "{The Photoevaporation of Dwarf Galaxies during Reionization}",
  journal = {\apj},
   eprint = {astro-ph/9901114},
 keywords = {COSMOLOGY: THEORY, GALAXIES: FORMATION, GALAXIES: HALOS, RADIATIVE TRANSFER, Cosmology: Theory, Galaxies: Formation, Galaxies: Halos, Radiative Transfer},
     year = 1999,
    month = sep,
   volume = 523,
    pages = {54-65},
      doi = {10.1086/307724},
   adsurl = {http://adsabs.harvard.edu/abs/1999ApJ...523...54B},
  adsnote = {Provided by the SAO/NASA Astrophysics Data System}
}

@ARTICLE{barkana/loeb:2001,
   author = {{Barkana}, R. and {Loeb}, A.},
    title = "{In the beginning: the first sources of light and the reionization of the universe}",
  journal = {\physrep},
   eprint = {astro-ph/0010468},
     year = 2001,
    month = jul,
   volume = 349,
    pages = {125-238},
      doi = {10.1016/S0370-1573(01)00019-9},
   adsurl = {http://adsabs.harvard.edu/abs/2001PhR...349..125B},
  adsnote = {Provided by the SAO/NASA Astrophysics Data System}
}

@ARTICLE{barkana/loeb:2004,
   author = {{Barkana}, R. and {Loeb}, A.},
    title = "{Unusually Large Fluctuations in the Statistics of Galaxy Formation at High Redshift}",
  journal = {\apj},
   eprint = {astro-ph/0310338},
 keywords = {Cosmology: Theory, Galaxies: Formation, Galaxies: High-Redshift},
     year = 2004,
    month = jul,
   volume = 609,
    pages = {474-481},
      doi = {10.1086/421079},
   adsurl = {http://adsabs.harvard.edu/abs/2004ApJ...609..474B},
  adsnote = {Provided by the SAO/NASA Astrophysics Data System}
}

@ARTICLE{battaglia/etal:2013,
   author = {{Battaglia}, N. and {Trac}, H. and {Cen}, R. and {Loeb}, A.},
    title = "{Reionization on Large Scales. I. A Parametric Model Constructed from Radiation-hydrodynamic Simulations}",
  journal = {\apj},
archivePrefix = "arXiv",
   eprint = {1211.2821},
 keywords = {cosmology: theory, intergalactic medium, large-scale structure of universe, methods: numerical},
     year = 2013,
    month = oct,
   volume = 776,
      eid = {81},
    pages = {81},
      doi = {10.1088/0004-637X/776/2/81},
   adsurl = {http://adsabs.harvard.edu/abs/2013ApJ...776...81B},
  adsnote = {Provided by the SAO/NASA Astrophysics Data System}
}

@ARTICLE{becker-szendy/etal:1992,
   author = {{Becker-Szendy}, R. and {Bratton}, C.~B. and {Casper}, D. and 
    {Dye}, S.~T. and {Gajewski}, W. and {Goldhaber}, M. and {Haines}, T.~J. and 
    {Halverson}, P.~G. and {Kielczewska}, D. and {Kropp}, W.~R. and 
    {Learned}, J.~G. and {Losecco}, J.~M. and {Matsuno}, S. and 
    {McGrath}, G. and {McGrew}, C. and {Miller}, R. and {Price}, L.~R. and 
    {Reines}, F. and {Schultz}, J. and {Sobel}, H.~W. and {Stone}, J.~L. and 
    {Sulak}, L.~R. and {Svoboda}, R.},
    title = "{Electron- and muon-neutrino content of the atmospheric flux}",
  journal = {\prd},
     year = 1992,
    month = nov,
   volume = 46,
    pages = {3720-3724},
      doi = {10.1103/PhysRevD.46.3720},
   adsurl = {http://adsabs.harvard.edu/abs/1992PhRvD..46.3720B},
  adsnote = {Provided by the SAO/NASA Astrophysics Data System}
}

@ARTICLE{behroozi/etal:2014,
   author = {{Behroozi}, P.~S. and {Wechsler}, R.~H. and {Lu}, Y. and {Hahn}, O. and
    {Busha}, M.~T. and {Klypin}, A. and {Primack}, J.~R.},
    title = "{Mergers and Mass Accretion for Infalling Halos Both End Well Outside Cluster Virial Radii}",
  journal = {\apj},
archivePrefix = "arXiv",
   eprint = {1310.2239},
 primaryClass = "astro-ph.CO",
 keywords = {dark matter, galaxies: evolution},
     year = 2014,
    month = jun,
   volume = 787,
      eid = {156},
    pages = {156},
      doi = {10.1088/0004-637X/787/2/156},
   adsurl = {http://adsabs.harvard.edu/abs/2014ApJ...787..156B},
  adsnote = {Provided by the SAO/NASA Astrophysics Data System}
}

@ARTICLE{benson:2005,
   author = {{Benson}, A.~J.},
    title = "{Orbital parameters of infalling dark matter substructures}",
  journal = {\mnras},
   eprint = {astro-ph/0407428},
 keywords = {galaxies: haloes, cosmology: theory, dark matter},
     year = 2005,
    month = apr,
   volume = 358,
    pages = {551-562},
      doi = {10.1111/j.1365-2966.2005.08788.x},
   adsurl = {http://adsabs.harvard.edu/abs/2005MNRAS.358..551B},
  adsnote = {Provided by the SAO/NASA Astrophysics Data System}
}

@BOOK{binney/tremaine:1987,
   author = {{Binney}, J. and {Tremaine}, S.},
    title = "{Galactic dynamics}",
 keywords = {Astrophysics, Celestial Mechanics, Galactic Structure, Milky Way Galaxy, Dark Matter, Galactic Evolution, Jeans Theory, Orbital Mechanics, Potential Theory, Stellar Evolution, Stellar Systems},
booktitle = {Princeton, NJ, Princeton University Press, 1987, 747 p.},
     year = 1987,
   adsurl = {http://adsabs.harvard.edu/abs/1987gady.book.....B},
  adsnote = {Provided by the SAO/NASA Astrophysics Data System}
}

@ARTICLE{bird/etal:2012,
   author = {{Bird}, S. and {Viel}, M. and {Haehnelt}, M.~G.},
    title = "{Massive neutrinos and the non-linear matter power spectrum}",
  journal = {\mnras},
archivePrefix = "arXiv",
   eprint = {1109.4416},
 keywords = {neutrinos, dark matter, large-scale structure of Universe},
     year = 2012,
    month = mar,
   volume = 420,
    pages = {2551-2561},
      doi = {10.1111/j.1365-2966.2011.20222.x},
   adsurl = {http://adsabs.harvard.edu/abs/2012MNRAS.420.2551B},
  adsnote = {Provided by the SAO/NASA Astrophysics Data System}
}

@ARTICLE{blas/etal:2011,
   author = {{Blas}, D. and {Lesgourgues}, J. and {Tram}, T.},
    title = "{The Cosmic Linear Anisotropy Solving System (CLASS). Part II: Approximation schemes}",
  journal = {\jcap},
archivePrefix = "arXiv",
   eprint = {1104.2933},
     year = 2011,
    month = jul,
   volume = 7,
      eid = {034},
    pages = {34},
      doi = {10.1088/1475-7516/2011/07/034},
   adsurl = {http://adsabs.harvard.edu/abs/2011JCAP...07..034B},
  adsnote = {Provided by the SAO/NASA Astrophysics Data System}
}

@ARTICLE{bolton/haehnelt:2007a,
   author = {{Bolton}, J.~S. and {Haehnelt}, M.~G.},
    title = "{The observed ionization rate of the intergalactic medium and the ionizing emissivity at z {\gt}= 5: evidence for a photon-starved and extended epoch of reionization}",
  journal = {\mnras},
   eprint = {arXiv:astro-ph/0703306},
 keywords = {hydrodynamics, methods: numerical, intergalactic medium, quasars: absorption lines, diffuse radiation},
     year = 2007,
    month = nov,
   volume = 382,
    pages = {325-341},
      doi = {10.1111/j.1365-2966.2007.12372.x},
   adsurl = {http://adsabs.harvard.edu/abs/2007MNRAS.382..325B},
  adsnote = {Provided by the SAO/NASA Astrophysics Data System}
}

@ARTICLE{bond/etal:1991,
   author = {{Bond}, J.~R. and {Cole}, S. and {Efstathiou}, G. and {Kaiser}, N.
    },
    title = "{Excursion set mass functions for hierarchical Gaussian fluctuations}",
  journal = {\apj},
 keywords = {Computational Astrophysics, Gauss Equation, Dark Matter, Density Distribution, Many Body Problem, Mass Distribution, Monte Carlo Method},
     year = 1991,
    month = oct,
   volume = 379,
    pages = {440-460},
      doi = {10.1086/170520},
   adsurl = {http://adsabs.harvard.edu/abs/1991ApJ...379..440B},
  adsnote = {Provided by the SAO/NASA Astrophysics Data System}
}

@ARTICLE{bouwens/etal:2010,
   author = {{Bouwens}, R.~J. and {Illingworth}, G.~D. and {Oesch}, P.~A. and 
    {Stiavelli}, M. and {van Dokkum}, P. and {Trenti}, M. and {Magee}, D. and 
    {Labb{\'e}}, I. and {Franx}, M. and {Carollo}, C.~M. and {Gonzalez}, V.
    },
    title = "{Discovery of z \~{} 8 Galaxies in the Hubble Ultra Deep Field from Ultra-Deep WFC3/IR Observations}",
  journal = {\apjl},
archivePrefix = "arXiv",
   eprint = {0909.1803},
 keywords = {galaxies: evolution, galaxies: high-redshift},
     year = 2010,
    month = feb,
   volume = 709,
    pages = {L133-L137},
      doi = {10.1088/2041-8205/709/2/L133},
   adsurl = {http://adsabs.harvard.edu/abs/2010ApJ...709L.133B},
  adsnote = {Provided by the SAO/NASA Astrophysics Data System}
}

@ARTICLE{boylan-kolchin/etal:2008,
   author = {{Boylan-Kolchin}, M. and {Ma}, C.-P. and {Quataert}, E.},
    title = "{Dynamical friction and galaxy merging time-scales}",
  journal = {\mnras},
archivePrefix = "arXiv",
   eprint = {0707.2960},
 keywords = {galaxies: evolution , galaxies: formation},
     year = 2008,
    month = jan,
   volume = 383,
    pages = {93-101},
      doi = {10.1111/j.1365-2966.2007.12530.x},
   adsurl = {http://adsabs.harvard.edu/abs/2008MNRAS.383...93B},
  adsnote = {Provided by the SAO/NASA Astrophysics Data System}
}

@ARTICLE{boylan-kolchin/etal:2009,
   author = {{Boylan-Kolchin}, M. and {Springel}, V. and {White}, S.~D.~M. and
    {Jenkins}, A. and {Lemson}, G.},
    title = "{Resolving cosmic structure formation with the Millennium-II Simulation}",
  journal = {\mnras},
archivePrefix = "arXiv",
   eprint = {0903.3041},
 primaryClass = "astro-ph.CO",
 keywords = {methods: N-body simulations , galaxies: haloes , cosmology: theory},
     year = 2009,
    month = sep,
   volume = 398,
    pages = {1150-1164},
      doi = {10.1111/j.1365-2966.2009.15191.x},
   adsurl = {http://adsabs.harvard.edu/abs/2009MNRAS.398.1150B},
  adsnote = {Provided by the SAO/NASA Astrophysics Data System}
}

@ARTICLE{boylan-kolchin/etal:2010,
   author = {{Boylan-Kolchin}, M. and {Springel}, V. and {White}, S.~D.~M. and
    {Jenkins}, A.},
    title = "{There's no place like home? Statistics of Milky Way-mass dark matter haloes}",
  journal = {\mnras},
archivePrefix = "arXiv",
   eprint = {0911.4484},
 primaryClass = "astro-ph.CO",
 keywords = {galaxies: haloes, cosmology: theory, methods: N-body simulations},
     year = 2010,
    month = aug,
   volume = 406,
    pages = {896-912},
      doi = {10.1111/j.1365-2966.2010.16774.x},
   adsurl = {http://adsabs.harvard.edu/abs/2010MNRAS.406..896B},
  adsnote = {Provided by the SAO/NASA Astrophysics Data System}
}

@ARTICLE{brandbyge/etal:2008,
   author = {{Brandbyge}, J. and {Hannestad}, S. and {Haugb{\o}lle}, T. and 
    {Thomsen}, B.},
    title = "{The effect of thermal neutrino motion on the non-linear cosmological matter power spectrum}",
  journal = {\jcap},
archivePrefix = "arXiv",
   eprint = {0802.3700},
     year = 2008,
    month = aug,
   volume = 8,
      eid = {020},
    pages = {20},
      doi = {10.1088/1475-7516/2008/08/020},
   adsurl = {http://adsabs.harvard.edu/abs/2008JCAP...08..020B},
  adsnote = {Provided by the SAO/NASA Astrophysics Data System}
}

@ARTICLE{brandbyge/hannestad:2009,
   author = {{Brandbyge}, J. and {Hannestad}, S.},
    title = "{Grid based linear neutrino perturbations in cosmological N-body simulations}",
  journal = {\jcap},
archivePrefix = "arXiv",
   eprint = {0812.3149},
     year = 2009,
    month = may,
   volume = 5,
      eid = {002},
    pages = {2},
      doi = {10.1088/1475-7516/2009/05/002},
   adsurl = {http://adsabs.harvard.edu/abs/2009JCAP...05..002B},
  adsnote = {Provided by the SAO/NASA Astrophysics Data System}
}

@ARTICLE{brandbyge/hannestad:2010,
   author = {{Brandbyge}, J. and {Hannestad}, S.},
    title = "{Resolving cosmic neutrino structure: a hybrid neutrino N-body scheme}",
  journal = {\jcap},
archivePrefix = "arXiv",
   eprint = {0908.1969},
     year = 2010,
    month = jan,
   volume = 1,
      eid = {021},
    pages = {21},
      doi = {10.1088/1475-7516/2010/01/021},
   adsurl = {http://adsabs.harvard.edu/abs/2010JCAP...01..021B},
  adsnote = {Provided by the SAO/NASA Astrophysics Data System}
}

@ARTICLE{bromm/etal:2002,
   author = {{Bromm}, V. and {Coppi}, P.~S. and {Larson}, R.~B.},
    title = "{The Formation of the First Stars. I. The Primordial Star-forming Cloud}",
  journal = {\apj},
   eprint = {astro-ph/0102503},
 keywords = {Cosmology: Theory, Cosmology: Early Universe, Galaxies: Formation, Hydrodynamics, Stars: Formation},
     year = 2002,
    month = jan,
   volume = 564,
    pages = {23-51},
      doi = {10.1086/323947},
   adsurl = {http://adsabs.harvard.edu/abs/2002ApJ...564...23B},
  adsnote = {Provided by the SAO/NASA Astrophysics Data System}
}

@ARTICLE{byran/norman:1998,
   author = {{Bryan}, G.~L. and {Norman}, M.~L.},
    title = "{Statistical Properties of X-Ray Clusters: Analytic and Numerical Comparisons}",
  journal = {\apj},
   eprint = {astro-ph/9710107},
 keywords = {GALAXIES: CLUSTERS: GENERAL, METHODS: NUMERICAL, X-RAYS: GALAXIES, Galaxies: Clusters: General, Methods: Numerical, X-Rays: Galaxies},
     year = 1998,
    month = mar,
   volume = 495,
    pages = {80-99},
      doi = {10.1086/305262},
   adsurl = {http://adsabs.harvard.edu/abs/1998ApJ...495...80B},
  adsnote = {Provided by the SAO/NASA Astrophysics Data System}
}

@ARTICLE{bryan/etal:2014,
   author = {{Bryan}, G.~L. and {Norman}, M.~L. and {O'Shea}, B.~W. and {Abel}, T. and 
    {Wise}, J.~H. and {Turk}, M.~J. and {Reynolds}, D.~R. and {Collins}, D.~C. and 
    {Wang}, P. and {Skillman}, S.~W. and {Smith}, B. and {Harkness}, R.~P. and 
    {Bordner}, J. and {Kim}, J.-h. and {Kuhlen}, M. and {Xu}, H. and 
    {Goldbaum}, N. and {Hummels}, C. and {Kritsuk}, A.~G. and {Tasker}, E. and 
    {Skory}, S. and {Simpson}, C.~M. and {Hahn}, O. and {Oishi}, J.~S. and 
    {So}, G.~C. and {Zhao}, F. and {Cen}, R. and {Li}, Y. and {Enzo Collaboration}
    },
    title = "{ENZO: An Adaptive Mesh Refinement Code for Astrophysics}",
  journal = {\apjs},
archivePrefix = "arXiv",
   eprint = {1307.2265},
 primaryClass = "astro-ph.IM",
 keywords = {hydrodynamics, methods: numerical},
     year = 2014,
    month = apr,
   volume = 211,
      eid = {19},
    pages = {19},
      doi = {10.1088/0067-0049/211/2/19},
   adsurl = {http://adsabs.harvard.edu/abs/2014ApJS..211...19B},
  adsnote = {Provided by the SAO/NASA Astrophysics Data System}
}

% --------------------------------------- C ---------------------------------------

@ARTICLE{castorina/etal:2014,
   author = {{Castorina}, E. and {Sefusatti}, E. and {Sheth}, R.~K. and {Villaescusa-Navarro}, F. and 
    {Viel}, M.},
    title = "{Cosmology with massive neutrinos II: on the universality of the halo mass function and bias}",
  journal = {\jcap},
archivePrefix = "arXiv",
   eprint = {1311.1212},
 primaryClass = "astro-ph.CO",
     year = 2014,
    month = feb,
   volume = 2,
      eid = {049},
    pages = {49},
      doi = {10.1088/1475-7516/2014/02/049},
   adsurl = {http://adsabs.harvard.edu/abs/2014JCAP...02..049C},
  adsnote = {Provided by the SAO/NASA Astrophysics Data System}
}

@ARTICLE{chandrasekhar:1943,
   author = {{Chandrasekhar}, S.},
    title = "{Dynamical Friction. I. General Considerations: the Coefficient of Dynamical Friction.}",
  journal = {\apj},
     year = 1943,
    month = mar,
   volume = 97,
    pages = {255},
      doi = {10.1086/144517},
   adsurl = {http://adsabs.harvard.edu/abs/1943ApJ....97..255C},
  adsnote = {Provided by the SAO/NASA Astrophysics Data System}
}

@ARTICLE{chiu/etal:2006,
   author = {{Chiu}, W.~A. and {Fan}, X. and {Ostriker}, J.~P.},
    title = "{Combining Wilkinson Microwave Anisotropy Probe and Sloan Digital Sky Survey Quasar Data on Reionization Constrains Cosmological Parameters and Star Formation Efficiency}",
  journal = {\apj},
   eprint = {astro-ph/0304234},
 keywords = {Cosmology: Cosmic Microwave Background, Cosmology: Theory, Galaxies: Formation, Galaxies: Intergalactic Medium, Galaxies: Quasars: General},
     year = 2003,
    month = dec,
   volume = 599,
    pages = {759-772},
      doi = {10.1086/379318},
   adsurl = {http://adsabs.harvard.edu/abs/2003ApJ...599..759C},
  adsnote = {Provided by the SAO/NASA Astrophysics Data System}
}

@ARTICLE{choudhury/etal:2009,
   author = {{Choudhury}, T.~R. and {Haehnelt}, M.~G. and {Regan}, J.},
    title = "{Inside-out or outside-in: the topology of reionization in the photon-starved regime suggested by Ly{$\alpha$} forest data}",
  journal = {\mnras},
archivePrefix = "arXiv",
   eprint = {0806.1524},
 keywords = {intergalactic medium , cosmology: theory , large-scale structure of Universe},
     year = 2009,
    month = apr,
   volume = 394,
    pages = {960-977},
      doi = {10.1111/j.1365-2966.2008.14383.x},
   adsurl = {http://adsabs.harvard.edu/abs/2009MNRAS.394..960C},
  adsnote = {Provided by the SAO/NASA Astrophysics Data System}
}

@ARTICLE{ciardi/etal:2003,
   author = {{Ciardi}, B. and {Stoehr}, F. and {White}, S.~D.~M.},
    title = "{Simulating intergalactic medium reionization}",
  journal = {\mnras},
   eprint = {astro-ph/0301293},
 keywords = {galaxies: formation, intergalactic medium, cosmology: theory},
     year = 2003,
    month = aug,
   volume = 343,
    pages = {1101-1109},
      doi = {10.1046/j.1365-8711.2003.06797.x},
   adsurl = {http://adsabs.harvard.edu/abs/2003MNRAS.343.1101C},
  adsnote = {Provided by the SAO/NASA Astrophysics Data System}
}

@ARTICLE{ciardi/etal:2006,
   author = {{Ciardi}, B. and {Scannapieco}, E. and {Stoehr}, F. and {Ferrara}, A. and 
    {Iliev}, I.~T. and {Shapiro}, P.~R.},
    title = "{The effect of minihaloes on cosmic reionization}",
  journal = {\mnras},
   eprint = {astro-ph/0511623},
 keywords = {radiative transfer, galaxies: high-redshift, intergalactic medium, cosmology: theory},
     year = 2006,
    month = feb,
   volume = 366,
    pages = {689-696},
      doi = {10.1111/j.1365-2966.2005.09908.x},
   adsurl = {http://adsabs.harvard.edu/abs/2006MNRAS.366..689C},
  adsnote = {Provided by the SAO/NASA Astrophysics Data System}
}

@ARTICLE{cleveland/etal:1998,
   author = {{Cleveland}, B.~T. and {Daily}, T. and {Davis}, Jr., R. and 
    {Distel}, J.~R. and {Lande}, K. and {Lee}, C.~K. and {Wildenhain}, P.~S. and 
    {Ullman}, J.},
    title = "{Measurement of the Solar Electron Neutrino Flux with the Homestake Chlorine Detector}",
  journal = {\apj},
 keywords = {ELEMENTARY PARTICLES, SUN: INTERIOR, SUN: PARTICLE EMISSION, Elementary Particles, Sun: Interior, Sun: Particle Emission},
     year = 1998,
    month = mar,
   volume = 496,
    pages = {505-526},
      doi = {10.1086/305343},
   adsurl = {http://adsabs.harvard.edu/abs/1998ApJ...496..505C},
  adsnote = {Provided by the SAO/NASA Astrophysics Data System}
}

@ARTICLE{cooray/sheth:2002,
   author = {{Cooray}, A. and {Sheth}, R.},
    title = "{Halo models of large scale structure}",
  journal = {\physrep},
   eprint = {astro-ph/0206508},
     year = 2002,
    month = dec,
   volume = 372,
    pages = {1-129},
      doi = {10.1016/S0370-1573(02)00276-4},
   adsurl = {http://adsabs.harvard.edu/abs/2002PhR...372....1C},
  adsnote = {Provided by the SAO/NASA Astrophysics Data System}
}

@ARTICLE{costanzi/etal:2013,
   author = {{Costanzi Alunno Cerbolini}, M. and {Sartoris}, B. and {Xia}, J.-Q. and 
    {Biviano}, A. and {Borgani}, S. and {Viel}, M.},
    title = "{Constraining neutrino properties with a Euclid-like galaxy cluster survey}",
  journal = {\jcap},
archivePrefix = "arXiv",
   eprint = {1303.4550},
 primaryClass = "astro-ph.CO",
     year = 2013,
    month = jun,
   volume = 6,
      eid = {020},
    pages = {20},
      doi = {10.1088/1475-7516/2013/06/020},
   adsurl = {http://adsabs.harvard.edu/abs/2013JCAP...06..020C},
  adsnote = {Provided by the SAO/NASA Astrophysics Data System}
}

@ARTICLE{couchman/rees:1986,
   author = {{Couchman}, H.~M.~P. and {Rees}, M.~J.},
    title = "{Pregalactic evolution in cosmologies with cold dark matter}",
  journal = {\mnras},
 keywords = {COLD PLASMAS, COSMOLOGY, GALACTIC EVOLUTION, GALACTIC STRUCTURE, MISSING MASS (ASTROPHYSICS), ROTATING MATTER, DENSITY DISTRIBUTION, MASS DISTRIBUTION, PHOTOIONIZATION, STAR CLUSTERS, STELLAR EVOLUTION, SUPERNOVAE, UNIVERSE},
     year = 1986,
    month = jul,
   volume = 221,
    pages = {53-62},
   adsurl = {http://adsabs.harvard.edu/abs/1986MNRAS.221...53C},
  adsnote = {Provided by the SAO/NASA Astrophysics Data System}
}

% --------------------------------------- D ---------------------------------------

@ARTICLE{dePutter/etal:2012,
   author = {{de Putter}, R. and {Mena}, O. and {Giusarma}, E. and {Ho}, S. and 
    {Cuesta}, A. and {Seo}, H.-J. and {Ross}, A.~J. and {White}, M. and 
    {Bizyaev}, D. and {Brewington}, H. and {Kirkby}, D. and {Malanushenko}, E. and 
    {Malanushenko}, V. and {Oravetz}, D. and {Pan}, K. and {Percival}, W.~J. and 
    {Ross}, N.~P. and {Schneider}, D.~P. and {Shelden}, A. and {Simmons}, A. and 
    {Snedden}, S.},
    title = "{New Neutrino Mass Bounds from SDSS-III Data Release 8 Photometric Luminous Galaxies}",
  journal = {\apj},
archivePrefix = "arXiv",
   eprint = {1201.1909},
 keywords = {cosmological parameters, cosmology: observations, large-scale structure of universe},
     year = 2012,
    month = dec,
   volume = 761,
      eid = {12},
    pages = {12},
      doi = {10.1088/0004-637X/761/1/12},
   adsurl = {http://adsabs.harvard.edu/abs/2012ApJ...761...12D},
  adsnote = {Provided by the SAO/NASA Astrophysics Data System}
}

@ARTICLE{diemand/etal:2006,
   author = {{Diemand}, J. and {Kuhlen}, M. and {Madau}, P.},
    title = "{Early Supersymmetric Cold Dark Matter Substructure}",
  journal = {\apj},
   eprint = {astro-ph/0603250},
 keywords = {Cosmology: Early Universe, Cosmology: Large-Scale Structure of Universe, Methods: n-Body Simulations, Methods: Numerical},
     year = 2006,
    month = sep,
   volume = 649,
    pages = {1-13},
      doi = {10.1086/506377},
   adsurl = {http://adsabs.harvard.edu/abs/2006ApJ...649....1D},
  adsnote = {Provided by the SAO/NASA Astrophysics Data System}
}

@ARTICLE{diemand/etal:2007,
   author = {{Diemand}, J. and {Kuhlen}, M. and {Madau}, P.},
    title = "{Formation and Evolution of Galaxy Dark Matter Halos and Their Substructure}",
  journal = {\apj},
   eprint = {astro-ph/0703337},
 keywords = {Cosmology: Theory, Cosmology: Dark Matter, Galaxies: Dwarf, Galaxies: Formation, Galaxies: Halos, Methods: Numerical},
     year = 2007,
    month = oct,
   volume = 667,
    pages = {859-877},
      doi = {10.1086/520573},
   adsurl = {http://adsabs.harvard.edu/abs/2007ApJ...667..859D},
  adsnote = {Provided by the SAO/NASA Astrophysics Data System}
}

@ARTICLE{diemand/etal:2007a,
   author = {{Diemand}, J. and {Kuhlen}, M. and {Madau}, P.},
    title = "{Dark Matter Substructure and Gamma-Ray Annihilation in the Milky Way Halo}",
  journal = {\apj},
   eprint = {astro-ph/0611370},
 keywords = {Cosmology: Theory, Cosmology: Dark Matter, Galaxies: Dwarf, Galaxies: Formation, Galaxies: Halos, Methods: Numerical},
     year = 2007,
    month = mar,
   volume = 657,
    pages = {262-270},
      doi = {10.1086/510736},
   adsurl = {http://adsabs.harvard.edu/abs/2007ApJ...657..262D},
  adsnote = {Provided by the SAO/NASA Astrophysics Data System}
}

@ARTICLE{diemand/etal:2008a,
   author = {{Diemand}, J. and {Kuhlen}, M. and {Madau}, P. and {Zemp}, M. and
    {Moore}, B. and {Potter}, D. and {Stadel}, J.},
    title = "{Clumps and streams in the local dark matter distribution}",
  journal = {\nat},
archivePrefix = "arXiv",
   eprint = {0805.1244},
     year = 2008,
    month = aug,
   volume = 454,
    pages = {735-738},
      doi = {10.1038/nature07153},
   adsurl = {http://adsabs.harvard.edu/abs/2008Natur.454..735D},
  adsnote = {Provided by the SAO/NASA Astrophysics Data System}
}

@BOOK{dodelson:2003,
   author = {{Dodelson}, S.},
    title = "{Modern cosmology}",
 keywords = {Cosmology},
booktitle = {Modern cosmology / Scott Dodelson.~Amsterdam (Netherlands): Academic Press.~ISBN 0-12-219141-2, 2003, XIII + 440 p.},
     year = 2003,
   adsurl = {http://adsabs.harvard.edu/abs/2003moco.book.....D},
  adsnote = {Provided by the SAO/NASA Astrophysics Data System}
}

% --------------------------------------- E ---------------------------------------

@ARTICLE{eitel:2005,
   author = {{Eitel}, K.},
    title = "{Direct Neutrino Mass Experiments}",
  journal = {Nuclear Physics B Proceedings Supplements},
     year = 2005,
    month = jun,
   volume = 143,
    pages = {197-204},
      doi = {10.1016/j.nuclphysbps.2005.01.105},
   adsurl = {http://adsabs.harvard.edu/abs/2005NuPhS.143..197E},
  adsnote = {Provided by the SAO/NASA Astrophysics Data System}
}

@ARTICLE{emberson/etal:2013,
   author = {{Emberson}, J.~D. and {Thomas}, R.~M. and {Alvarez}, M.~A.},
    title = "{The Opacity of the Intergalactic Medium during Reionization: Resolving Small-scale Structure}",
  journal = {\apj},
archivePrefix = "arXiv",
   eprint = {1208.3679},
 primaryClass = "astro-ph.CO",
 keywords = {cosmology: theory, dark ages, reionization, first stars, intergalactic medium},
     year = 2013,
    month = feb,
   volume = 763,
      eid = {146},
    pages = {146},
      doi = {10.1088/0004-637X/763/2/146},
   adsurl = {http://adsabs.harvard.edu/abs/2013ApJ...763..146E},
  adsnote = {Provided by the SAO/NASA Astrophysics Data System}
}

@ARTICLE{emberson/etal:2015,
   author = {{Emberson}, J.~D. and {Kobayashi}, T. and {Alvarez}, M.~A.},
    title = "{Evolution of Low Mass Galactic Subhalos and Dependence on Concentration}",
  journal = {\apj},
archivePrefix = "arXiv",
   eprint = {1504.00667},
 keywords = {cosmology: theory, dark matter, galaxies: evolution, galaxies: halos, methods: numerical},
     year = 2015,
    month = oct,
   volume = 812,
      eid = {9},
    pages = {9},
      doi = {10.1088/0004-637X/812/1/9},
   adsurl = {http://adsabs.harvard.edu/abs/2015ApJ...812....9E},
  adsnote = {Provided by the SAO/NASA Astrophysics Data System}
}

@ARTICLE{euclid:2013,
   author = {{Amendola}, L. and {Appleby}, S. and {Bacon}, D. and {Baker}, T. and
    {Baldi}, M. and {Bartolo}, N. and {Blanchard}, A. and {Bonvin}, C. and
    {Borgani}, S. and {Branchini}, E. and {Burrage}, C. and {Camera}, S. and
    {Carbone}, C. and {Casarini}, L. and {Cropper}, M. and {de Rham}, C. and
    {Di Porto}, C. and {Ealet}, A. and {Ferreira}, P.~G. and {Finelli}, F. and
    {Garc{\'{\i}}a-Bellido}, J. and {Giannantonio}, T. and {Guzzo}, L. and
    {Heavens}, A. and {Heisenberg}, L. and {Heymans}, C. and {Hoekstra}, H. and
    {Hollenstein}, L. and {Holmes}, R. and {Horst}, O. and {Jahnke}, K. and
    {Kitching}, T.~D. and {Koivisto}, T. and {Kunz}, M. and {La Vacca}, G. and
    {March}, M. and {Majerotto}, E. and {Markovic}, K. and {Marsh}, D. and
    {Marulli}, F. and {Massey}, R. and {Mellier}, Y. and {Mota}, D.~F. and
    {Nunes}, N. and {Percival}, W. and {Pettorino}, V. and {Porciani}, C. and
    {Quercellini}, C. and {Read}, J. and {Rinaldi}, M. and {Sapone}, D. and
    {Scaramella}, R. and {Skordis}, C. and {Simpson}, F. and {Taylor}, A. and
    {Thomas}, S. and {Trotta}, R. and {Verde}, L. and {Vernizzi}, F. and
    {Vollmer}, A. and {Wang}, Y. and {Weller}, J. and {Zlosnik}, T.
    },
    title = "{Cosmology and Fundamental Physics with the Euclid Satellite}",
  journal = {Living Reviews in Relativity},
archivePrefix = "arXiv",
   eprint = {1206.1225},
 primaryClass = "astro-ph.CO",
 keywords = {Astrophysics: Cosmology and Extragalactic Astrophysics, General Relativity and Quantum Cosmology, High Energy Physics: Phenomenology, cosmology, dark energy, galaxy evolution  },
     year = 2013,
    month = sep,
   volume = 16,
    pages = {6},
      doi = {10.12942/lrr-2013-6},
   adsurl = {http://adsabs.harvard.edu/abs/2013LRR....16....6A},
  adsnote = {Provided by the SAO/NASA Astrophysics Data System}
}

@ARTICLE{exo-200/etal:2014,
   author = {{The Exo-200 Collaboration} and {Albert}, J.~B. and {Auty}, D.~J. and 
    {Barbeau}, P.~S. and {Beauchamp}, E. and {Beck}, D. and {Belov}, V. and 
    {Benitez-Medina}, C. and {Bonatt}, J. and {Breidenbach}, M. and 
    {Brunner}, T. and {Burenkov}, A. and {Cao}, G.~F. and {Chambers}, C. and 
    {Chaves}, J. and {Cleveland}, B. and {Coon}, M. and {Craycraft}, A. and 
    {Daniels}, T. and {Danilov}, M. and {Daugherty}, S.~J. and {Davis}, C.~G. and 
    {Davis}, J. and {Devoe}, R. and {Delaquis}, S. and {Didberidze}, T. and 
    {Dolgolenko}, A. and {Dolinski}, M.~J. and {Dunford}, M. and 
    {Fairbank}, Jr., W. and {Farine}, J. and {Feldmeier}, W. and 
    {Fierlinger}, P. and {Fudenberg}, D. and {Giroux}, G. and {Gornea}, R. and 
    {Graham}, K. and {Gratta}, G. and {Hall}, C. and {Herrin}, S. and 
    {Hughes}, M. and {Jewell}, M.~J. and {Jiang}, X.~S. and {Johnson}, A. and 
    {Johnson}, T.~N. and {Johnston}, S. and {Karelin}, A. and {Kaufman}, L.~J. and 
    {Killick}, R. and {Koffas}, T. and {Kravitz}, S. and {Kuchenkov}, A. and 
    {Kumar}, K.~S. and {Leonard}, D.~S. and {Leonard}, F. and {Licciardi}, C. and 
    {Lin}, Y.~H. and {MacLellan}, R. and {Marino}, M.~G. and {Mong}, B. and 
    {Moore}, D. and {Nelson}, R. and {Odian}, A. and {Ostrovskiy}, I. and 
    {Ouellet}, C. and {Piepke}, A. and {Pocar}, A. and {Prescott}, C.~Y. and 
    {Rivas}, A. and {Rowson}, P.~C. and {Rozo}, M.~P. and {Russell}, J.~J. and 
    {Schubert}, A. and {Sinclair}, D. and {Slutsky}, S. and {Smith}, E. and 
    {Stekhanov}, V. and {Tarka}, M. and {Tolba}, T. and {Tosi}, D. and 
    {Twelker}, K. and {Vogel}, P. and {Vuilleumier}, J.-L. and {Waite}, A. and 
    {Walton}, J. and {Walton}, T. and {Weber}, M. and {Wen}, L.~J. and 
    {Wichoski}, U. and {Wright}, J.~D. and {Yang}, L. and {Yen}, Y.-R. and 
    {Ya.~Zeldovich}, O. and {Zhao}, Y.~B.},
    title = "{Search for Majorana neutrinos with the first two years of EXO-200 data}",
  journal = {\nat},
archivePrefix = "arXiv",
   eprint = {1402.6956},
 primaryClass = "nucl-ex",
     year = 2014,
    month = jun,
   volume = 510,
    pages = {229-234},
      doi = {10.1038/nature13432},
   adsurl = {http://adsabs.harvard.edu/abs/2014Natur.510..229T},
  adsnote = {Provided by the SAO/NASA Astrophysics Data System}
}

% --------------------------------------- F ---------------------------------------

@ARTICLE{fan/etal:2006,
   author = {{Fan}, X. and {Strauss}, M.~A. and {Becker}, R.~H. and {White}, R.~L. and 
    {Gunn}, J.~E. and {Knapp}, G.~R. and {Richards}, G.~T. and {Schneider}, D.~P. and 
    {Brinkmann}, J. and {Fukugita}, M.},
    title = "{Constraining the Evolution of the Ionizing Background and the Epoch of Reionization with z\~{}6 Quasars. II. A Sample of 19 Quasars}",
  journal = {\aj},
   eprint = {astro-ph/0512082},
 keywords = {Cosmology: Observations, Galaxies: Intergalactic Medium, Galaxies: Quasars: Absorption Lines, Galaxies: Quasars: General},
     year = 2006,
    month = jul,
   volume = 132,
    pages = {117-136},
      doi = {10.1086/504836},
   adsurl = {http://adsabs.harvard.edu/abs/2006AJ....132..117F},
  adsnote = {Provided by the SAO/NASA Astrophysics Data System}
}

@ARTICLE{finlator/etal:2009,
   author = {{Finlator}, K. and {{\"O}zel}, F. and {Dav{\'e}}, R. and {Oppenheimer}, B.~D.
    },
    title = "{The late reionization of filaments}",
  journal = {\mnras},
archivePrefix = "arXiv",
   eprint = {0908.1576},
 keywords = {radiative transfer , intergalactic medium , cosmology: theory , diffuse radiation , early Universe},
     year = 2009,
    month = dec,
   volume = 400,
    pages = {1049-1061},
      doi = {10.1111/j.1365-2966.2009.15521.x},
   adsurl = {http://adsabs.harvard.edu/abs/2009MNRAS.400.1049F},
  adsnote = {Provided by the SAO/NASA Astrophysics Data System}
}

@ARTICLE{finlator/etal:2012,
   author = {{Finlator}, K. and {Oh}, S.~P. and {{\"O}zel}, F. and {Dav{\'e}}, R.
    },
    title = "{Gas Clumping in Self-Consistent Reionisation Models}",
  journal = {ArXiv e-prints},
archivePrefix = "arXiv",
   eprint = {1209.2489},
 primaryClass = "astro-ph.CO",
 keywords = {Astrophysics - Cosmology and Extragalactic Astrophysics},
     year = 2012,
    month = sep,
   adsurl = {http://adsabs.harvard.edu/abs/2012arXiv1209.2489F},
  adsnote = {Provided by the SAO/NASA Astrophysics Data System}
}

@ARTICLE{fogli/etal:2012,
   author = {{Fogli}, G.~L. and {Lisi}, E. and {Marrone}, A. and {Montanino}, D. and 
    {Palazzo}, A. and {Rotunno}, A.~M.},
    title = "{Global analysis of neutrino masses, mixings, and phases: Entering the era of leptonic CP violation searches}",
  journal = {\prd},
archivePrefix = "arXiv",
   eprint = {1205.5254},
 primaryClass = "hep-ph",
 keywords = {Neutrino mass and mixing, Neutrino interactions, Charge conjugation parity time reversal and other discrete symmetries},
     year = 2012,
    month = jul,
   volume = 86,
   number = 1,
      eid = {013012},
    pages = {013012},
      doi = {10.1103/PhysRevD.86.013012},
   adsurl = {http://adsabs.harvard.edu/abs/2012PhRvD..86a3012F},
  adsnote = {Provided by the SAO/NASA Astrophysics Data System}
}

@ARTICLE{furlanetto/etal:2004,
   author = {{Furlanetto}, S.~R. and {Zaldarriaga}, M. and {Hernquist}, L.
    },
    title = "{The Growth of H II Regions During Reionization}",
  journal = {\apj},
   eprint = {astro-ph/0403697},
 keywords = {Cosmology: Theory, Cosmology: Diffuse Radiation, ISM: H II Regions, Galaxies: Intergalactic Medium},
     year = 2004,
    month = sep,
   volume = 613,
    pages = {1-15},
      doi = {10.1086/423025},
   adsurl = {http://adsabs.harvard.edu/abs/2004ApJ...613....1F},
  adsnote = {Provided by the SAO/NASA Astrophysics Data System}
}


% --------------------------------------- G ---------------------------------------

@ARTICLE{gan/etal:2010,
   author = {{Gan}, J. and {Kang}, X. and {van den Bosch}, F.~C. and {Hou}, J.
    },
    title = "{An improved model for the dynamical evolution of dark matter subhaloes}",
  journal = {\mnras},
archivePrefix = "arXiv",
   eprint = {1007.0023},
 primaryClass = "astro-ph.CO",
 keywords = {methods: numerical, galaxies: haloes, galaxies: luminosity function, mass function, dark matter},
     year = 2010,
    month = nov,
   volume = 408,
    pages = {2201-2212},
      doi = {10.1111/j.1365-2966.2010.17266.x},
   adsurl = {http://adsabs.harvard.edu/abs/2010MNRAS.408.2201G},
  adsnote = {Provided by the SAO/NASA Astrophysics Data System}
}

@ARTICLE{garrison-kimmel/etal:2014,
   author = {{Garrison-Kimmel}, S. and {Boylan-Kolchin}, M. and {Bullock}, J.~S. and
    {Lee}, K.},
    title = "{ELVIS: Exploring the Local Volume in Simulations}",
  journal = {\mnras},
archivePrefix = "arXiv",
   eprint = {1310.6746},
 primaryClass = "astro-ph.CO",
 keywords = {galaxies: haloes, Local Group, cosmology: theory, dark matter},
     year = 2014,
    month = mar,
   volume = 438,
    pages = {2578-2596},
      doi = {10.1093/mnras/stt2377},
   adsurl = {http://adsabs.harvard.edu/abs/2014MNRAS.438.2578G},
  adsnote = {Provided by the SAO/NASA Astrophysics Data System}
}

@ARTICLE{geil/wyithe:2008,
   author = {{Geil}, P.~M. and {Wyithe}, J.~S.~B.},
    title = "{The impact of a percolating IGM on redshifted 21-cm observations of quasar HII regions}",
  journal = {\mnras},
archivePrefix = "arXiv",
   eprint = {0708.3716},
 keywords = {galaxies: high-redshift , intergalactic medium , cosmology: theory , diffuse radiation},
     year = 2008,
    month = may,
   volume = 386,
    pages = {1683-1694},
      doi = {10.1111/j.1365-2966.2008.13159.x},
   adsurl = {http://adsabs.harvard.edu/abs/2008MNRAS.386.1683G},
  adsnote = {Provided by the SAO/NASA Astrophysics Data System}
}

@ARTICLE{ghigna/etal:1998,
   author = {{Ghigna}, S. and {Moore}, B. and {Governato}, F. and {Lake}, G. and
    {Quinn}, T. and {Stadel}, J.},
    title = "{Dark matter haloes within clusters}",
  journal = {\mnras},
   eprint = {astro-ph/9801192},
 keywords = {METHODS: NUMERICAL, GALAXIES: CLUSTERS: GENERAL, GALAXIES: HALOES, COSMOLOGY: THEORY, DARK MATTER, LARGE-SCALE STRUCTURE OF UNIVERSE},
     year = 1998,
    month = oct,
   volume = 300,
    pages = {146-162},
      doi = {10.1046/j.1365-8711.1998.01918.x},
   adsurl = {http://adsabs.harvard.edu/abs/1998MNRAS.300..146G},
  adsnote = {Provided by the SAO/NASA Astrophysics Data System}
}

@ARTICLE{giocoli/etal:2008,
   author = {{Giocoli}, C. and {Tormen}, G. and {van den Bosch}, F.~C.},
    title = "{The population of dark matter subhaloes: mass functions and average mass-loss rates}",
  journal = {\mnras},
archivePrefix = "arXiv",
   eprint = {0712.1563},
 keywords = {methods: numerical , galaxies: haloes , galaxies: interactions , cosmology: theory , dark matter},
     year = 2008,
    month = jun,
   volume = 386,
    pages = {2135-2144},
      doi = {10.1111/j.1365-2966.2008.13182.x},
   adsurl = {http://adsabs.harvard.edu/abs/2008MNRAS.386.2135G},
  adsnote = {Provided by the SAO/NASA Astrophysics Data System}
}

@ARTICLE{gnedin/ostriker:1997,
   author = {{Gnedin}, N.~Y. and {Ostriker}, J.~P.},
    title = "{Reionization of the Universe and the Early Production of Metals}",
  journal = {\apj},
   eprint = {astro-ph/9612127},
 keywords = {Cosmology: Theory, Cosmology: Early Universe, Galaxies: Formation, galaxies: intergalactic medium, Cosmology: Large-Scale Structure of Universe},
     year = 1997,
    month = sep,
   volume = 486,
    pages = {581-598},
   adsurl = {http://adsabs.harvard.edu/abs/1997ApJ...486..581G},
  adsnote = {Provided by the SAO/NASA Astrophysics Data System}
}

@ARTICLE{gnedin/hui:1998,
   author = {{Gnedin}, N.~Y. and {Hui}, L.},
    title = "{Probing the Universe with the Lyalpha forest - I. Hydrodynamics of the low-density intergalactic medium}",
  journal = {\mnras},
   eprint = {arXiv:astro-ph/9706219},
 keywords = {HYDRODYNAMICS, METHODS: NUMERICAL, INTERGALACTIC MEDIUM, QUASARS: ABSORPTION LINES, COSMOLOGY: THEORY},
     year = 1998,
    month = may,
   volume = 296,
    pages = {44-55},
      doi = {10.1046/j.1365-8711.1998.01249.x},
   adsurl = {http://adsabs.harvard.edu/abs/1998MNRAS.296...44G},
  adsnote = {Provided by the SAO/NASA Astrophysics Data System}
}

@ARTICLE{gnedin:2000,
   author = {{Gnedin}, N.~Y.},
    title = "{Cosmological Reionization by Stellar Sources}",
  journal = {\apj},
   eprint = {astro-ph/9909383},
 keywords = {Cosmology: Theory, Galaxies: Formation, Galaxies: Intergalactic Medium, Cosmology: Large-Scale Structure of Universe},
     year = 2000,
    month = jun,
   volume = 535,
    pages = {530-554},
      doi = {10.1086/308876},
   adsurl = {http://adsabs.harvard.edu/abs/2000ApJ...535..530G},
  adsnote = {Provided by the SAO/NASA Astrophysics Data System}
}

@ARTICLE{gnedin/fan:2006,
   author = {{Gnedin}, N.~Y. and {Fan}, X.},
    title = "{Cosmic Reionization Redux}",
  journal = {\apj},
   eprint = {astro-ph/0603794},
 keywords = {Cosmology: Theory, Galaxies: Formation, Galaxies: Intergalactic Medium, Cosmology: Large-Scale Structure of Universe},
     year = 2006,
    month = sep,
   volume = 648,
    pages = {1-6},
      doi = {10.1086/505790},
   adsurl = {http://adsabs.harvard.edu/abs/2006ApJ...648....1G},
  adsnote = {Provided by the SAO/NASA Astrophysics Data System}
}

@ARTICLE{greif/etal:2008,
   author = {{Greif}, T.~H. and {Johnson}, J.~L. and {Klessen}, R.~S. and 
    {Bromm}, V.},
    title = "{The first galaxies: assembly, cooling and the onset of turbulence}",
  journal = {\mnras},
archivePrefix = "arXiv",
   eprint = {0803.2237},
 keywords = {stars: early-type , stars: formation , galaxies: formation , galaxies: high-redshift , cosmology: theory , early Universe},
     year = 2008,
    month = jul,
   volume = 387,
    pages = {1021-1036},
      doi = {10.1111/j.1365-2966.2008.13326.x},
   adsurl = {http://adsabs.harvard.edu/abs/2008MNRAS.387.1021G},
  adsnote = {Provided by the SAO/NASA Astrophysics Data System}
}

@ARTICLE{gunn/peterson:1965,
   author = {{Gunn}, J.~E. and {Peterson}, B.~A.},
    title = "{On the Density of Neutral Hydrogen in Intergalactic Space.}",
  journal = {\apj},
     year = 1965,
    month = nov,
   volume = 142,
    pages = {1633-1641},
      doi = {10.1086/148444},
   adsurl = {http://adsabs.harvard.edu/abs/1965ApJ...142.1633G},
  adsnote = {Provided by the SAO/NASA Astrophysics Data System}
}

% --------------------------------------- H ---------------------------------------

@ARTICLE{haardt/madau:1996,
   author = {{Haardt}, F. and {Madau}, P.},
    title = "{Radiative Transfer in a Clumpy Universe. II. The Ultraviolet Extragalactic Background}",
  journal = {\apj},
   eprint = {astro-ph/9509093},
 keywords = {COSMOLOGY: THEORY, COSMOLOGY: DIFFUSE RADIATION, GALAXIES: INTERGALACTIC MEDIUM, GALAXIES: QUASARS: ABSORPTION LINES, RADIATIVE TRANSFER},
     year = 1996,
    month = apr,
   volume = 461,
    pages = {20},
      doi = {10.1086/177035},
   adsurl = {http://adsabs.harvard.edu/abs/1996ApJ...461...20H},
  adsnote = {Provided by the SAO/NASA Astrophysics Data System}
}

@ARTICLE{hahn/etal:2009,
   author = {{Hahn}, O. and {Porciani}, C. and {Dekel}, A. and {Carollo}, C.~M.
    },
    title = "{Tidal effects and the environment dependence of halo assembly}",
  journal = {\mnras},
archivePrefix = "arXiv",
   eprint = {0803.4211},
 keywords = {methods: N-body simulations , galaxies: formation , galaxies: haloes , cosmology: theory , dark matter , large-scale structure of Universe},
     year = 2009,
    month = oct,
   volume = 398,
    pages = {1742-1756},
      doi = {10.1111/j.1365-2966.2009.15271.x},
   adsurl = {http://adsabs.harvard.edu/abs/2009MNRAS.398.1742H},
  adsnote = {Provided by the SAO/NASA Astrophysics Data System}
}

@ARTICLE{hahn/etal:2014,
   author = {{Hahn}, O. and {Angulo}, R.~E. and {Abel}, T.},
    title = "{The Properties of Cosmic Velocity Fields}",
  journal = {ArXiv e-prints},
archivePrefix = "arXiv",
   eprint = {1404.2280},
 keywords = {Astrophysics - Cosmology and Nongalactic Astrophysics},
     year = 2014,
    month = apr,
   adsurl = {http://adsabs.harvard.edu/abs/2014arXiv1404.2280H},
  adsnote = {Provided by the SAO/NASA Astrophysics Data System}
}

@ARTICLE{haiman/etal:2001,
   author = {{Haiman}, Z. and {Abel}, T. and {Madau}, P.},
    title = "{Photon Consumption in Minihalos during Cosmological Reionization}",
  journal = {\apj},
   eprint = {astro-ph/0009125},
 keywords = {Cosmology: Theory, Cosmology: Early Universe, Galaxies: Evolution, Galaxies: Formation},
     year = 2001,
    month = apr,
   volume = 551,
    pages = {599-607},
      doi = {10.1086/320232},
   adsurl = {http://adsabs.harvard.edu/abs/2001ApJ...551..599H},
  adsnote = {Provided by the SAO/NASA Astrophysics Data System}
}

@ARTICLE{haiman/etal:2000,
   author = {{Haiman}, Z. and {Abel}, T. and {Rees}, M.~J.},
    title = "{The Radiative Feedback of the First Cosmological Objects}",
  journal = {\apj},
   eprint = {astro-ph/9903336},
 keywords = {COSMOLOGY: THEORY, COSMOLOGY: DIFFUSE RADIATION, COSMOLOGY: EARLY UNIVERSE, GALAXIES: FORMATION, MOLECULAR PROCESSES, RADIATIVE TRANSFER},
     year = 2000,
    month = may,
   volume = 534,
    pages = {11-24},
      doi = {10.1086/308723},
   adsurl = {http://adsabs.harvard.edu/abs/2000ApJ...534...11H},
  adsnote = {Provided by the SAO/NASA Astrophysics Data System}
}

@ARTICLE{haiman:2011,
   author = {{Haiman}, Z.},
    title = "{Cosmology: A smoother end to the dark ages}",
  journal = {\nat},
archivePrefix = "arXiv",
   eprint = {1104.1189},
     year = 2011,
    month = apr,
   volume = 472,
    pages = {47-48},
      doi = {10.1038/472047a},
   adsurl = {http://adsabs.harvard.edu/abs/2011Natur.472...47H},
  adsnote = {Provided by the SAO/NASA Astrophysics Data System}
}

@ARTICLE{harnois-deraps/etal:2013,
   author = {{Harnois-D{\'e}raps}, J. and {Pen}, U.-L. and {Iliev}, I.~T. and 
    {Merz}, H. and {Emberson}, J.~D. and {Desjacques}, V.},
    title = "{High-performance P$^{3}$M N-body code: CUBEP$^{3}$M}",
  journal = {\mnras},
archivePrefix = "arXiv",
   eprint = {1208.5098},
 keywords = {Dark matter, large-scale structure of Universe},
     year = 2013,
    month = nov,
   volume = 436,
    pages = {540-559},
      doi = {10.1093/mnras/stt1591},
   adsurl = {http://adsabs.harvard.edu/abs/2013MNRAS.436..540H},
  adsnote = {Provided by the SAO/NASA Astrophysics Data System}
}

@ARTICLE{hayashi/etal:2003,
   author = {{Hayashi}, E. and {Navarro}, J.~F. and {Taylor}, J.~E. and {Stadel}, J. and
    {Quinn}, T.},
    title = "{The Structural Evolution of Substructure}",
  journal = {\apj},
   eprint = {astro-ph/0203004},
 keywords = {Cosmology: Theory, Cosmology: Dark Matter, Galaxies: Evolution, Galaxies: Halos, Galaxies: Structure, methods: N-body simulations},
     year = 2003,
    month = feb,
   volume = 584,
    pages = {541-558},
      doi = {10.1086/345788},
   adsurl = {http://adsabs.harvard.edu/abs/2003ApJ...584..541H},
  adsnote = {Provided by the SAO/NASA Astrophysics Data System}
}

@ARTICLE{hinshaw/etal:2013,
   author = {{Hinshaw}, G. and {Larson}, D. and {Komatsu}, E. and {Spergel}, D.~N. and 
    {Bennett}, C.~L. and {Dunkley}, J. and {Nolta}, M.~R. and {Halpern}, M. and 
    {Hill}, R.~S. and {Odegard}, N. and {Page}, L. and {Smith}, K.~M. and 
    {Weiland}, J.~L. and {Gold}, B. and {Jarosik}, N. and {Kogut}, A. and 
    {Limon}, M. and {Meyer}, S.~S. and {Tucker}, G.~S. and {Wollack}, E. and 
    {Wright}, E.~L.},
    title = "{Nine-year Wilkinson Microwave Anisotropy Probe (WMAP) Observations: Cosmological Parameter Results}",
  journal = {\apjs},
archivePrefix = "arXiv",
   eprint = {1212.5226},
 keywords = {cosmic background radiation, cosmology: observations, dark matter, early universe, instrumentation: detectors, space vehicles, space vehicles: instruments, telescopes },
     year = 2013,
    month = oct,
   volume = 208,
      eid = {19},
    pages = {19},
      doi = {10.1088/0067-0049/208/2/19},
   adsurl = {http://adsabs.harvard.edu/abs/2013ApJS..208...19H},
  adsnote = {Provided by the SAO/NASA Astrophysics Data System}
}

@ARTICLE{hirata/etal:1992,
   author = {{Hirata}, K.~S. and {Inoue}, K. and {Ishida}, T. and {Kajita}, T. and 
    {Kihara}, K. and {Nakahata}, M. and {Nakamura}, K. and {Ohara}, S. and 
    {Sakai}, A. and {Sato}, N. and {Suzuki}, Y. and {Totsuka}, Y. and 
    {Yaginuma}, Y. and {Mori}, M. and {Oyama}, Y. and {Suzuki}, A. and 
    {Takahashi}, K. and {Yamada}, M. and {Koshiba}, M. and {Nishijima}, K. and 
    {Kajimura}, T. and {Suda}, T. and {Tajima}, T. and {Miyano}, K. and 
    {Miyata}, H. and {Takei}, H. and {Fukuda}, Y. and {Kodera}, E. and 
    {Nagashima}, Y. and {Takita}, M. and {Yokoyama}, H. and {Kaneyuki}, K. and 
    {Takeuchi}, Y. and {Tanimori}, T. and {Beier}, E.~W. and {Frank}, E.~D. and 
    {Frati}, W. and {Kim}, S.~B. and {Mann}, A.~K. and {Newcomer}, F.~M. and 
    {van Berg}, R. and {Zhang}, W.},
    title = "{Observation of a small atmospheric v$_{μ}$/v$_{e}$ ratio in Kamiokande}",
  journal = {Physics Letters B},
     year = 1992,
    month = apr,
   volume = 280,
    pages = {146-152},
      doi = {10.1016/0370-2693(92)90788-6},
   adsurl = {http://adsabs.harvard.edu/abs/1992PhLB..280..146H},
  adsnote = {Provided by the SAO/NASA Astrophysics Data System}
}

@BOOK{hockney/eastwood:1988,
   author = {{Hockney}, R.~W. and {Eastwood}, J.~W.},
    title = "{Computer simulation using particles}",
booktitle = {Bristol: Hilger, 1988},
     year = 1988,
   adsurl = {http://adsabs.harvard.edu/abs/1988csup.book.....H},
  adsnote = {Provided by the SAO/NASA Astrophysics Data System}
}

% --------------------------------------- I ---------------------------------------

@ARTICLE{iliev/etal:2005a,
   author = {{Iliev}, I.~T. and {Scannapieco}, E. and {Shapiro}, P.~R.},
    title = "{The Impact of Small-Scale Structure on Cosmological Ionization Fronts and Reionization}",
  journal = {\apj},
   eprint = {astro-ph/0411035},
 keywords = {Cosmology: Theory, Galaxies: Halos, Galaxies: High-Redshift, Hydrodynamics, Galaxies: Intergalactic Medium, Radiative Transfer},
     year = 2005,
    month = may,
   volume = 624,
    pages = {491-504},
      doi = {10.1086/429083},
   adsurl = {http://adsabs.harvard.edu/abs/2005ApJ...624..491I},
  adsnote = {Provided by the SAO/NASA Astrophysics Data System}
}

@ARTICLE{iliev/etal:2005b,
   author = {{Iliev}, I.~T. and {Shapiro}, P.~R. and {Raga}, A.~C.},
    title = "{Minihalo photoevaporation during cosmic reionization: evaporation times and photon consumption rates}",
  journal = {\mnras},
   eprint = {astro-ph/0408408},
 keywords = {hydrodynamics, radiative transfer, galaxies: haloes, galaxies: high-redshift, intergalactic medium, cosmology: theory},
     year = 2005,
    month = aug,
   volume = 361,
    pages = {405-414},
      doi = {10.1111/j.1365-2966.2005.09155.x},
   adsurl = {http://adsabs.harvard.edu/abs/2005MNRAS.361..405I},
  adsnote = {Provided by the SAO/NASA Astrophysics Data System}
}

@ARTICLE{iliev/etal:2006,
   author = {{Iliev}, I.~T. and {Mellema}, G. and {Pen}, U.-L. and {Merz}, H. and 
    {Shapiro}, P.~R. and {Alvarez}, M.~A.},
    title = "{Simulating cosmic reionization at large scales - I. The geometry of reionization}",
  journal = {\mnras},
   eprint = {astro-ph/0512187},
 keywords = {radiative transfer: methods: numerical: ISM: bubbles: HII regions: galaxies: formation: galaxies: haloes: galaxies: high-redshift: intergalactic medium: cosmology: theory, radiative transfer, methods: numerical, ISM: bubbles, HII regions, galaxies: formation, galaxies: haloes, galaxies: high-redshift, intergalactic medium, cosmology: theory},
     year = 2006,
    month = jul,
   volume = 369,
    pages = {1625-1638},
      doi = {10.1111/j.1365-2966.2006.10502.x},
   adsurl = {http://adsabs.harvard.edu/abs/2006MNRAS.369.1625I},
  adsnote = {Provided by the SAO/NASA Astrophysics Data System}
}

@ARTICLE{inman/etal:2015,
   author = {{Inman}, D. and {Emberson}, J.~D. and {Pen}, U.-L. and {Farchi}, A. and 
    {Yu}, H.-R. and {Harnois-D{\'e}raps}, J.},
    title = "{Precision reconstruction of the cold dark matter-neutrino relative velocity from N -body simulations}",
  journal = {\prd},
archivePrefix = "arXiv",
   eprint = {1503.07480},
 keywords = {Superclusters, large-scale structure of the Universe, Neutrino mass and mixing},
     year = 2015,
    month = jul,
   volume = 92,
   number = 2,
      eid = {023502},
    pages = {023502},
      doi = {10.1103/PhysRevD.92.023502},
   adsurl = {http://adsabs.harvard.edu/abs/2015PhRvD..92b3502I},
  adsnote = {Provided by the SAO/NASA Astrophysics Data System}
}

% --------------------------------------- J ---------------------------------------

@ARTICLE{jiang/etal:2008,
   author = {{Jiang}, C.~Y. and {Jing}, Y.~P. and {Faltenbacher}, A. and
    {Lin}, W.~P. and {Li}, C.},
    title = "{A Fitting Formula for the Merger Timescale of Galaxies in Hierarchical Clustering}",
  journal = {\apj},
archivePrefix = "arXiv",
   eprint = {0707.2628},
 keywords = {Cosmology: Dark Matter, Galaxies: Clusters: General, Galaxies: Kinematics and Dynamics, Methods: Numerical},
     year = 2008,
    month = mar,
   volume = 675,
    pages = {1095-1105},
      doi = {10.1086/526412},
   adsurl = {http://adsabs.harvard.edu/abs/2008ApJ...675.1095J},
  adsnote = {Provided by the SAO/NASA Astrophysics Data System}
}

@ARTICLE{jiang/etal:2014b,
   author = {{Jiang}, L. and {Cole}, S. and {Sawala}, T. and {Frenk}, C.~S.
    },
    title = "{Orbital parameters of infalling satellite haloes in the hierarchical {$\Lambda$}CDM model}",
  journal = {\mnras},
archivePrefix = "arXiv",
   eprint = {1409.1179},
 keywords = {methods: numerical, galaxies: haloes, cosmology: theory, dark matter},
     year = 2015,
    month = apr,
   volume = 448,
    pages = {1674-1686},
      doi = {10.1093/mnras/stv053},
   adsurl = {http://adsabs.harvard.edu/abs/2015MNRAS.448.1674J},
  adsnote = {Provided by the SAO/NASA Astrophysics Data System}
}

@ARTICLE{jiang/vandenbosch:2014,
   author = {{Jiang}, F. and {van den Bosch}, F.~C.},
    title = "{Statistics of Dark Matter Substructure: I. Model and Universal Fitting Functions}",
  journal = {ArXiv e-prints},
archivePrefix = "arXiv",
   eprint = {1403.6827},
 keywords = {Astrophysics - Cosmology and Nongalactic Astrophysics, Astrophysics - Astrophysics of Galaxies},
     year = 2014,
    month = mar,
   adsurl = {http://adsabs.harvard.edu/abs/2014arXiv1403.6827J},
  adsnote = {Provided by the SAO/NASA Astrophysics Data System}
}

@ARTICLE{jiang/vdbA:2014,
   author = {{Jiang}, F. and {van den Bosch}, F.~C.},
    title = "{Generating merger trees for dark matter haloes: a comparison of methods}",
  journal = {\mnras},
archivePrefix = "arXiv",
   eprint = {1311.5225},
 primaryClass = "astro-ph.CO",
 keywords = {methods: analytical, methods: statistical, galaxies: haloes, dark matter},
     year = 2014,
    month = may,
   volume = 440,
    pages = {193-207},
      doi = {10.1093/mnras/stu280},
   adsurl = {http://adsabs.harvard.edu/abs/2014MNRAS.440..193J},
  adsnote = {Provided by the SAO/NASA Astrophysics Data System}
}

@ARTICLE{johnson/etal:2007,
   author = {{Johnson}, J.~L. and {Greif}, T.~H. and {Bromm}, V.},
    title = "{Local Radiative Feedback in the Formation of the First Protogalaxies}",
  journal = {\apj},
   eprint = {astro-ph/0612254},
 keywords = {Cosmology: Theory, Cosmology: Early Universe, Galaxies: Formation, ISM: H II Regions, Molecular Processes, Stars: Formation},
     year = 2007,
    month = aug,
   volume = 665,
    pages = {85-95},
      doi = {10.1086/519212},
   adsurl = {http://adsabs.harvard.edu/abs/2007ApJ...665...85J},
  adsnote = {Provided by the SAO/NASA Astrophysics Data System}
}


% --------------------------------------- K ---------------------------------------

@ARTICLE{kamionkowski/liddle:2000,
   author = {{Kamionkowski}, M. and {Liddle}, A.~R.},
    title = "{The Dearth of Halo Dwarf Galaxies: Is There Power on Short Scales?}",
  journal = {Physical Review Letters},
   eprint = {astro-ph/9911103},
     year = 2000,
    month = may,
   volume = 84,
    pages = {4525},
      doi = {10.1103/PhysRevLett.84.4525},
   adsurl = {http://adsabs.harvard.edu/abs/2000PhRvL..84.4525K},
  adsnote = {Provided by the SAO/NASA Astrophysics Data System}
}

@ARTICLE{kaurov/gnedin:2014,
   author = {{Kaurov}, A.~A. and {Gnedin}, N.~Y.},
    title = "{Recombination Clumping Factor during Cosmic Reionization}",
  journal = {\apj},
archivePrefix = "arXiv",
   eprint = {1311.2594},
 keywords = {cosmology: theory, dark ages, reionization, first stars, intergalactic medium, methods: analytical},
     year = 2014,
    month = jun,
   volume = 787,
      eid = {146},
    pages = {146},
      doi = {10.1088/0004-637X/787/2/146},
   adsurl = {http://adsabs.harvard.edu/abs/2014ApJ...787..146K},
  adsnote = {Provided by the SAO/NASA Astrophysics Data System}
}

@ARTICLE{kazantzidis/etal:2004,
   author = {{Kazantzidis}, S. and {Mayer}, L. and {Mastropietro}, C. and {Diemand}, J. and {Stadel}, J. and {Moore}, B.},
    title = "{Density Profiles of Cold Dark Matter Substructure: Implications for the Missing-Satellites Problem}",
  journal = {\apj},
   eprint = {astro-ph/0312194},
 keywords = {Cosmology: Theory, Cosmology: Dark Matter, Galaxies: Halos, Methods: n-Body Simulations},
     year = 2004,
    month = jun,
   volume = 608,
    pages = {663-679},
      doi = {10.1086/420840},
   adsurl = {http://adsabs.harvard.edu/abs/2004ApJ...608..663K},
  adsnote = {Provided by the SAO/NASA Astrophysics Data System}
}

@ARTICLE{keeton/moustakas:2009,
   author = {{Keeton}, C.~R. and {Moustakas}, L.~A.},
    title = "{A New Channel for Detecting Dark Matter Substructure in Galaxies: Gravitational Lens Time Delays}",
  journal = {\apj},
archivePrefix = "arXiv",
   eprint = {0805.0309},
 keywords = {dark matter, gravitational lensing, time},
     year = 2009,
    month = jul,
   volume = 699,
    pages = {1720-1731},
      doi = {10.1088/0004-637X/699/2/1720},
   adsurl = {http://adsabs.harvard.edu/abs/2009ApJ...699.1720K},
  adsnote = {Provided by the SAO/NASA Astrophysics Data System}
}

@ARTICLE{khochfar/burkert:2006,
   author = {{Khochfar}, S. and {Burkert}, A.},
    title = "{Orbital parameters of merging dark matter halos}",
  journal = {\aap},
   eprint = {astro-ph/0309611},
 keywords = {methods: N-body simulations, cosmology: dark matter, galaxies: interactions},
     year = 2006,
    month = jan,
   volume = 445,
    pages = {403-412},
      doi = {10.1051/0004-6361:20053241},
   adsurl = {http://adsabs.harvard.edu/abs/2006A%26A...445..403K},
  adsnote = {Provided by the SAO/NASA Astrophysics Data System}
}

@ARTICLE{klypin/etal:1999,
   author = {{Klypin}, A. and {Kravtsov}, A.~V. and {Valenzuela}, O. and 
    {Prada}, F.},
    title = "{Where Are the Missing Galactic Satellites?}",
  journal = {\apj},
   eprint = {astro-ph/9901240},
 keywords = {COSMOLOGY: THEORY, GALAXIES: CLUSTERS: GENERAL, GALAXIES: INTERACTIONS, GALAXY: FORMATION, GALAXIES: LOCAL GROUP, METHODS: NUMERICAL, Cosmology: Theory, Galaxies: Clusters: General, Galaxies: Interactions, Galaxy: Formation, Galaxies: Local Group, Methods: Numerical},
     year = 1999,
    month = sep,
   volume = 522,
    pages = {82-92},
      doi = {10.1086/307643},
   adsurl = {http://adsabs.harvard.edu/abs/1999ApJ...522...82K},
  adsnote = {Provided by the SAO/NASA Astrophysics Data System}
}

@ARTICLE{klypin/etal:2001,
   author = {{Klypin}, A. and {Kravtsov}, A.~V. and {Bullock}, J.~S. and
    {Primack}, J.~R.},
    title = "{Resolving the Structure of Cold Dark Matter Halos}",
  journal = {\apj},
   eprint = {astro-ph/0006343},
 keywords = {Cosmology: Theory, Cosmology: Dark Matter, Galaxies: Halos, Galaxies: Structure, Methods: Numerical},
     year = 2001,
    month = jun,
   volume = 554,
    pages = {903-915},
      doi = {10.1086/321400},
   adsurl = {http://adsabs.harvard.edu/abs/2001ApJ...554..903K},
  adsnote = {Provided by the SAO/NASA Astrophysics Data System}
}

@ARTICLE{klypin/etal:2011,
   author = {{Klypin}, A.~A. and {Trujillo-Gomez}, S. and {Primack}, J.},
    title = "{Dark Matter Halos in the Standard Cosmological Model: Results from the Bolshoi Simulation}",
  journal = {\apj},
archivePrefix = "arXiv",
   eprint = {1002.3660},
 primaryClass = "astro-ph.CO",
 keywords = {cosmology: theory, large-scale structure of universe, methods: numerical},
     year = 2011,
    month = oct,
   volume = 740,
      eid = {102},
    pages = {102},
      doi = {10.1088/0004-637X/740/2/102},
   adsurl = {http://adsabs.harvard.edu/abs/2011ApJ...740..102K},
  adsnote = {Provided by the SAO/NASA Astrophysics Data System}
}

@ARTICLE{komatsu/etal:2011,
   author = {{Komatsu}, E. and {Smith}, K.~M. and {Dunkley}, J. and {Bennett}, C.~L. and 
    {Gold}, B. and {Hinshaw}, G. and {Jarosik}, N. and {Larson}, D. and 
    {Nolta}, M.~R. and {Page}, L. and {Spergel}, D.~N. and {Halpern}, M. and 
    {Hill}, R.~S. and {Kogut}, A. and {Limon}, M. and {Meyer}, S.~S. and 
    {Odegard}, N. and {Tucker}, G.~S. and {Weiland}, J.~L. and {Wollack}, E. and 
    {Wright}, E.~L.},
    title = "{Seven-year Wilkinson Microwave Anisotropy Probe (WMAP) Observations: Cosmological Interpretation}",
  journal = {\apjs},
archivePrefix = "arXiv",
   eprint = {1001.4538},
 primaryClass = "astro-ph.CO",
 keywords = {cosmic background radiation, cosmology: observations, dark matter, early universe, space vehicles},
     year = 2011,
    month = feb,
   volume = 192,
      eid = {18},
    pages = {18},
      doi = {10.1088/0067-0049/192/2/18},
   adsurl = {http://adsabs.harvard.edu/abs/2011ApJS..192...18K},
  adsnote = {Provided by the SAO/NASA Astrophysics Data System}
}

@ARTICLE{kraus/etal:2005,
   author = {{Kraus}, C. and {Bornschein}, B. and {Bornschein}, L. and {Bonn}, J. and 
    {Flatt}, B. and {Kovalik}, A. and {Ostrick}, B. and {Otten}, E.~W. and 
    {Schall}, J.~P. and {Th{\"u}mmler}, T. and {Weinheimer}, C.},
  journal = {European Physical Journal C},
   eprint = {hep-ex/0412056},
     year = 2005,
    month = apr,
   volume = 40,
    pages = {447-468},
      doi = {10.1140/epjc/s2005-02139-7},
   adsurl = {http://adsabs.harvard.edu/abs/2005EPJC...40..447K},
  adsnote = {Provided by the SAO/NASA Astrophysics Data System}
}

@ARTICLE{kravtsov/etal:2004,
   author = {{Kravtsov}, A.~V. and {Gnedin}, O.~Y. and {Klypin}, A.~A.},
    title = "{The Tumultuous Lives of Galactic Dwarfs and the Missing Satellites Problem}",
  journal = {\apj},
   eprint = {astro-ph/0401088},
 keywords = {Cosmology: Theory, Galaxies: Dwarf, Galaxies: Evolution, Galaxies: Formation, Galaxies: Halos, Methods: Numerical},
     year = 2004,
    month = jul,
   volume = 609,
    pages = {482-497},
      doi = {10.1086/421322},
   adsurl = {http://adsabs.harvard.edu/abs/2004ApJ...609..482K},
  adsnote = {Provided by the SAO/NASA Astrophysics Data System}
}

@ARTICLE{kuhlen:2012,
   author = {{Kuhlen}, M. and {Faucher-Gigu{\`e}re}, C.-A.},
    title = "{Concordance models of reionization: implications for faint galaxies and escape fraction evolution}",
  journal = {\mnras},
archivePrefix = "arXiv",
   eprint = {1201.0757},
 keywords = {galaxies: dwarf, galaxies: formation, galaxies: high-redshift, intergalactic medium, cosmology: theory, dark ages, reionization, first stars},
     year = 2012,
    month = jun,
   volume = 423,
    pages = {862-876},
      doi = {10.1111/j.1365-2966.2012.20924.x},
   adsurl = {http://adsabs.harvard.edu/abs/2012MNRAS.423..862K},
  adsnote = {Provided by the SAO/NASA Astrophysics Data System}
}

% --------------------------------------- L ---------------------------------------

@ARTICLE{lacey/cole:1993,
   author = {{Lacey}, C. and {Cole}, S.},
    title = "{Merger rates in hierarchical models of galaxy formation}",
  journal = {\mnras},
 keywords = {Astronomical Models, Galactic Evolution, Galactic Halos, Interacting Galaxies, Baryons, Dark Matter, Gravitational Effects, Monte Carlo Method},
     year = 1993,
    month = jun,
   volume = 262,
    pages = {627-649},
   adsurl = {http://adsabs.harvard.edu/abs/1993MNRAS.262..627L},
  adsnote = {Provided by the SAO/NASA Astrophysics Data System}
}

@ARTICLE{lesgourgues/pastor:2006,
   author = {{Lesgourgues}, J. and {Pastor}, S.},
    title = "{Massive neutrinos and cosmology}",
  journal = {\physrep},
   eprint = {astro-ph/0603494},
     year = 2006,
    month = jul,
   volume = 429,
    pages = {307-379},
      doi = {10.1016/j.physrep.2006.04.001},
   adsurl = {http://adsabs.harvard.edu/abs/2006PhR...429..307L},
  adsnote = {Provided by the SAO/NASA Astrophysics Data System}
}

@ARTICLE{lewis/etal:2000,
   author = {{Lewis}, A. and {Challinor}, A. and {Lasenby}, A.},
    title = "{Efficient Computation of Cosmic Microwave Background Anisotropies in Closed Friedmann-Robertson-Walker Models}",
  journal = {\apj},
   eprint = {astro-ph/9911177},
 keywords = {Cosmology: Cosmic Microwave Background, Cosmology: Theory},
     year = 2000,
    month = aug,
   volume = 538,
    pages = {473-476},
      doi = {10.1086/309179},
   adsurl = {http://adsabs.harvard.edu/abs/2000ApJ...538..473L},
  adsnote = {Provided by the SAO/NASA Astrophysics Data System}
}

@ARTICLE{li/mo:2009,
   author = {{Li}, Y. and {Mo}, H.},
    title = "{Mass distribution and accretion of sub-halos}",
  journal = {ArXiv e-prints},
archivePrefix = "arXiv",
   eprint = {0908.0301},
 primaryClass = "astro-ph.CO",
 keywords = {Astrophysics - Cosmology and Extragalactic Astrophysics},
     year = 2009,
    month = aug,
   adsurl = {http://adsabs.harvard.edu/abs/2009arXiv0908.0301L},
  adsnote = {Provided by the SAO/NASA Astrophysics Data System}
}

@ARTICLE{loken/etal:2010,
   author = {{Loken}, C. and {Gruner}, D. and {Groer}, L. and {Peltier}, R. and 
    {Bunn}, N. and {Craig}, M. and {Henriques}, T. and {Dempsey}, J. and 
    {Yu}, C.-H. and {Chen}, J. and {Dursi}, L.~J. and {Chong}, J. and 
    {Northrup}, S. and {Pinto}, J. and {Knecht}, N. and {Van Zon}, R.
    },
    title = "{SciNet: Lessons Learned from Building a Power-efficient Top-20 System and Data Centre}",
  journal = {Journal of Physics Conference Series},
     year = 2010,
    month = nov,
   volume = 256,
   number = 1,
      eid = {012026},
    pages = {012026},
      doi = {10.1088/1742-6596/256/1/012026},
   adsurl = {http://adsabs.harvard.edu/abs/2010JPhCS.256a2026L},
  adsnote = {Provided by the SAO/NASA Astrophysics Data System}
}

@ARTICLE{lovell/etal:2012,
   author = {{Lovell}, M.~R. and {Eke}, V. and {Frenk}, C.~S. and {Gao}, L. and 
    {Jenkins}, A. and {Theuns}, T. and {Wang}, J. and {White}, S.~D.~M. and 
    {Boyarsky}, A. and {Ruchayskiy}, O.},
    title = "{The haloes of bright satellite galaxies in a warm dark matter universe}",
  journal = {\mnras},
archivePrefix = "arXiv",
   eprint = {1104.2929},
 keywords = {galaxies: dwarf, dark matter},
     year = 2012,
    month = mar,
   volume = 420,
    pages = {2318-2324},
      doi = {10.1111/j.1365-2966.2011.20200.x},
   adsurl = {http://adsabs.harvard.edu/abs/2012MNRAS.420.2318L},
  adsnote = {Provided by the SAO/NASA Astrophysics Data System}
}

@ARTICLE{loverde:2014,
   author = {{LoVerde}, M.},
    title = "{Spherical collapse in {$\nu$}{$\Lambda$}CDM}",
  journal = {\prd},
archivePrefix = "arXiv",
   eprint = {1405.4858},
 keywords = {Cosmology, Neutrino muon pion and other elementary particles, cosmic rays, Galaxy clusters},
     year = 2014,
    month = oct,
   volume = 90,
   number = 8,
      eid = {083518},
    pages = {083518},
      doi = {10.1103/PhysRevD.90.083518},
   adsurl = {http://adsabs.harvard.edu/abs/2014PhRvD..90h3518L},
  adsnote = {Provided by the SAO/NASA Astrophysics Data System}
}

@ARTICLE{lsst:2012,
   author = {{LSST Dark Energy Science Collaboration}},
    title = "{Large Synoptic Survey Telescope: Dark Energy Science Collaboration}",
  journal = {ArXiv e-prints},
archivePrefix = "arXiv",
   eprint = {1211.0310},
 primaryClass = "astro-ph.CO",
 keywords = {Astrophysics - Cosmology and Extragalactic Astrophysics, High Energy Physics - Experiment},
     year = 2012,
    month = nov,
   adsurl = {http://adsabs.harvard.edu/abs/2012arXiv1211.0310L},
  adsnote = {Provided by the SAO/NASA Astrophysics Data System}
}

@ARTICLE{ludlow/etal:2009,
   author = {{Ludlow}, A.~D. and {Navarro}, J.~F. and {Springel}, V. and 
    {Jenkins}, A. and {Frenk}, C.~S. and {Helmi}, A.},
    title = "{The Unorthodox Orbits of Substructure Halos}",
  journal = {\apj},
archivePrefix = "arXiv",
   eprint = {0801.1127},
 keywords = {dark matter, galaxies: halos, galaxies: kinematics and dynamics, methods: N-body simulations},
     year = 2009,
    month = feb,
   volume = 692,
    pages = {931-941},
      doi = {10.1088/0004-637X/692/1/931},
   adsurl = {http://adsabs.harvard.edu/abs/2009ApJ...692..931L},
  adsnote = {Provided by the SAO/NASA Astrophysics Data System}
}

% --------------------------------------- M ---------------------------------------

@ARTICLE{madau/etal:1999,
   author = {{Madau}, P. and {Haardt}, F. and {Rees}, M.~J.},
    title = "{Radiative Transfer in a Clumpy Universe. III. The Nature of Cosmological Ionizing Sources}",
  journal = {\apj},
   eprint = {astro-ph/9809058},
 keywords = {COSMOLOGY: DIFFUSE RADIATION, GALAXIES: INTERGALACTIC MEDIUM, RADIATIVE TRANSFER, Cosmology: Diffuse Radiation, Galaxies: Intergalactic Medium, Radiative Transfer},
     year = 1999,
    month = apr,
   volume = 514,
    pages = {648-659},
      doi = {10.1086/306975},
   adsurl = {http://adsabs.harvard.edu/abs/1999ApJ...514..648M},
  adsnote = {Provided by the SAO/NASA Astrophysics Data System}
}

@ARTICLE{mangano/etal:2015,
   author = {{Mangano}, G. and {Miele}, G. and {Pastor}, S. and {Pinto}, T. and 
    {Pisanti}, O. and {Serpico}, P.~D.},
    title = "{Relic neutrino decoupling including flavour oscillations}",
  journal = {Nuclear Physics B},
   eprint = {hep-ph/0506164},
     year = 2005,
    month = nov,
   volume = 729,
    pages = {221-234},
      doi = {10.1016/j.nuclphysb.2005.09.041},
   adsurl = {http://adsabs.harvard.edu/abs/2005NuPhB.729..221M},
  adsnote = {Provided by the SAO/NASA Astrophysics Data System}
}

@ARTICLE{massara/etal:2014,
   author = {{Massara}, E. and {Villaescusa-Navarro}, F. and {Viel}, M.},
    title = "{The halo model in a massive neutrino cosmology}",
  journal = {\jcap},
archivePrefix = "arXiv",
   eprint = {1410.6813},
     year = 2014,
    month = dec,
   volume = 12,
      eid = {053},
    pages = {53},
      doi = {10.1088/1475-7516/2014/12/053},
   adsurl = {http://adsabs.harvard.edu/abs/2014JCAP...12..053M},
  adsnote = {Provided by the SAO/NASA Astrophysics Data System}
}

@ARTICLE{mesinger/furlanetto:2007,
   author = {{Mesinger}, A. and {Furlanetto}, S.},
    title = "{Efficient Simulations of Early Structure Formation and Reionization}",
  journal = {\apj},
archivePrefix = "arXiv",
   eprint = {0704.0946},
 keywords = {Cosmology: Theory, Cosmology: Early Universe, Galaxies: Evolution, Galaxies: Formation, Galaxies: High-Redshift},
     year = 2007,
    month = nov,
   volume = 669,
    pages = {663-675},
      doi = {10.1086/521806},
   adsurl = {http://adsabs.harvard.edu/abs/2007ApJ...669..663M},
  adsnote = {Provided by the SAO/NASA Astrophysics Data System}
}

@ARTICLE{mesinger/etal:2015,
   author = {{Mesinger}, A. and {Ferrara}, A. and {Greig}, B. and {Iliev}, I. and 
    {Mellema}, G. and {Pritchard}, J. and {Santos}, M.},
    title = "{Constraining the Astrophysics of the Cosmic Dawn and the Epoch of Reionization with the SKA}",
  journal = {Advancing Astrophysics with the Square Kilometre Array (AASKA14)},
archivePrefix = "arXiv",
   eprint = {1501.04106},
     year = 2015,
      eid = {11},
    pages = {11},
   adsurl = {http://adsabs.harvard.edu/abs/2015aska.confE..11M},
  adsnote = {Provided by the SAO/NASA Astrophysics Data System}
}

@ARTICLE{mcquinn/etal:2011,
   author = {{McQuinn}, M. and {Oh}, S.~P. and {Faucher-Gigu{\`e}re}, C.-A.
    },
    title = "{On Lyman-limit Systems and the Evolution of the Intergalactic Ionizing Background}",
  journal = {\apj},
archivePrefix = "arXiv",
   eprint = {1101.1964},
 primaryClass = "astro-ph.CO",
 keywords = {cosmology: theory, large-scale structure of Universe, quasars: absorption lines },
     year = 2011,
    month = dec,
   volume = 743,
      eid = {82},
    pages = {82},
      doi = {10.1088/0004-637X/743/1/82},
   adsurl = {http://adsabs.harvard.edu/abs/2011ApJ...743...82M},
  adsnote = {Provided by the SAO/NASA Astrophysics Data System}
}

@ARTICLE{mikheyev/smirnov:1985,
   author = {{Mikheyev}, S.~P. and {Smirnov}, A.~Yu.},
    title = "{Resonance Amplification of Oscillations in Matter and Spectroscopy of Solar Neutrinos}",
  journal = {Sov. J. Nucl. Phys.},
     year = 1985,
   volume = 42,
    pages = {913}
}

@ARTICLE{mirabel/etal:2011,
   author = {{Mirabel}, I.~F. and {Dijkstra}, M. and {Laurent}, P. and {Loeb}, A. and 
    {Pritchard}, J.~R.},
    title = "{Stellar black holes at the dawn of the universe}",
  journal = {\aap},
archivePrefix = "arXiv",
   eprint = {1102.1891},
 keywords = {X-rays: binaries, black hole physics, dark ages, reionization, first stars, cosmology: miscellaneous, intergalactic medium},
     year = 2011,
    month = apr,
   volume = 528,
      eid = {A149},
    pages = {A149},
      doi = {10.1051/0004-6361/201016357},
   adsurl = {http://adsabs.harvard.edu/abs/2011A%26A...528A.149M},
  adsnote = {Provided by the SAO/NASA Astrophysics Data System}
}

@ARTICLE{miralda-escude/etal:2000,
   author = {{Miralda-Escud{\' e}}, J. and {Haehnelt}, M. and {Rees}, M.~J.
    },
    title = "{Reionization of the Inhomogeneous Universe}",
  journal = {\apj},
     year = 2000,
    month = feb,
   volume = 530,
    pages = {1-16},
   adsurl = {http://adsabs.harvard.edu/cgi-bin/nph-bib_query?bibcode=2000ApJ...530....1M&db_key=AST},
  adsnote = {Provided by the NASA Astrophysics Data System}
}

@ARTICLE{moore/etal:1999,
   author = {{Moore}, B. and {Ghigna}, S. and {Governato}, F. and {Lake}, G. and 
    {Quinn}, T. and {Stadel}, J. and {Tozzi}, P.},
    title = "{Dark Matter Substructure within Galactic Halos}",
  journal = {\apjl},
   eprint = {astro-ph/9907411},
 keywords = {COSMOLOGY: OBSERVATIONS, COSMOLOGY: THEORY, COSMOLOGY: DARK MATTER, GALAXIES: CLUSTERS: GENERAL, GALAXIES: FORMATION, Cosmology: Observations, Cosmology: Theory, Cosmology: Dark Matter, Galaxies: Clusters: General, Galaxies: Formation},
     year = 1999,
    month = oct,
   volume = 524,
    pages = {L19-L22},
      doi = {10.1086/312287},
   adsurl = {http://adsabs.harvard.edu/abs/1999ApJ...524L..19M},
  adsnote = {Provided by the SAO/NASA Astrophysics Data System}
}

% --------------------------------------- N ---------------------------------------

@ARTICLE{navarro/etal:1995,
   author = {{Navarro}, J.~F. and {Frenk}, C.~S. and {White}, S.~D.~M.},
    title = "{The assembly of galaxies in a hierarchically clustering universe}",
  journal = {\mnras},
   eprint = {astro-ph/9408067},
 keywords = {GALAXIES: FORMATION, COSMOLOGY: THEORY, DARK MATTER},
     year = 1995,
    month = jul,
   volume = 275,
    pages = {56-66},
   adsurl = {http://adsabs.harvard.edu/abs/1995MNRAS.275...56N},
  adsnote = {Provided by the SAO/NASA Astrophysics Data System}
}

@ARTICLE{navarro/etal:1997,
   author = {{Navarro}, J.~F. and {Frenk}, C.~S. and {White}, S.~D.~M.},
    title = "{A Universal Density Profile from Hierarchical Clustering}",
  journal = {\apj},
   eprint = {astro-ph/9611107},
 keywords = {Cosmology: Theory, Cosmology: Dark Matter, Galaxies: Halos, Methods: Numerical},
     year = 1997,
    month = dec,
   volume = 490,
    pages = {493-508},
   adsurl = {http://adsabs.harvard.edu/abs/1997ApJ...490..493N},
  adsnote = {Provided by the SAO/NASA Astrophysics Data System}
}

% --------------------------------------- O ---------------------------------------

@ARTICLE{oesch/etal:2012,
   author = {{Oesch}, P.~A. and {Bouwens}, R.~J. and {Illingworth}, G.~D. and 
    {Labb{\'e}}, I. and {Trenti}, M. and {Gonzalez}, V. and {Carollo}, C.~M. and 
    {Franx}, M. and {van Dokkum}, P.~G. and {Magee}, D.},
    title = "{Expanded Search for z \~{} 10 Galaxies from HUDF09, ERS, and CANDELS Data: Evidence for Accelerated Evolution at z {\gt} 8?}",
  journal = {\apj},
archivePrefix = "arXiv",
   eprint = {1105.2297},
 keywords = {dark ages, reionization, first stars, galaxies: evolution, galaxies: formation, galaxies: high-redshift, galaxies: luminosity function, mass function},
     year = 2012,
    month = feb,
   volume = 745,
      eid = {110},
    pages = {110},
      doi = {10.1088/0004-637X/745/2/110},
   adsurl = {http://adsabs.harvard.edu/abs/2012ApJ...745..110O},
  adsnote = {Provided by the SAO/NASA Astrophysics Data System}
}

@ARTICLE{oh/haiman:2003,
   author = {{Oh}, S.~P. and {Haiman}, Z.},
    title = "{Fossil H II regions: self-limiting star formation at high redshift}",
  journal = {\mnras},
   eprint = {astro-ph/0307135},
 keywords = {galaxies: formation, intergalatic medium, cosmology: theory, large-scale structure of Universe},
     year = 2003,
    month = dec,
   volume = 346,
    pages = {456-472},
      doi = {10.1046/j.1365-2966.2003.07103.x},
   adsurl = {http://adsabs.harvard.edu/abs/2003MNRAS.346..456O},
  adsnote = {Provided by the SAO/NASA Astrophysics Data System}
}

% --------------------------------------- P ---------------------------------------

@ARTICLE{pawlik/etal:2009,
   author = {{Pawlik}, A.~H. and {Schaye}, J. and {van Scherpenzeel}, E.},
    title = "{Keeping the Universe ionized: photoheating and the clumping factor of the high-redshift intergalactic medium}",
  journal = {\mnras},
archivePrefix = "arXiv",
   eprint = {0807.3963},
 keywords = {hydrodynamics , radiative transfer , methods: numerical , galaxies: formation , intergalactic medium , cosmology: theory},
     year = 2009,
    month = apr,
   volume = 394,
    pages = {1812-1824},
      doi = {10.1111/j.1365-2966.2009.14486.x},
   adsurl = {http://adsabs.harvard.edu/abs/2009MNRAS.394.1812P},
  adsnote = {Provided by the SAO/NASA Astrophysics Data System}
}

@ARTICLE{peebles/dicke:1968,
   author = {{Peebles}, P.~J.~E. and {Dicke}, R.~H.},
    title = "{Origin of the Globular Star Clusters}",
  journal = {\apj},
     year = 1968,
    month = dec,
   volume = 154,
    pages = {891-+},
      doi = {10.1086/149811},
   adsurl = {http://adsabs.harvard.edu/abs/1968ApJ...154..891P},
  adsnote = {Provided by the SAO/NASA Astrophysics Data System}
}

@BOOK{peebles:1980,
   author = {{Peebles}, P.~J.~E.},
    title = "{The large-scale structure of the universe}",
 keywords = {Cosmology, Galactic Clusters, Galactic Evolution, Universe, Astronomical Models, Correlation, Mass Distribution, Particle Motion, Relativistic Theory, Statistical Distributions},
booktitle = {Research supported by the National Science Foundation.~Princeton, N.J., Princeton University Press, 1980.~435 p.},
     year = 1980,
   adsurl = {http://adsabs.harvard.edu/abs/1980lssu.book.....P},
  adsnote = {Provided by the SAO/NASA Astrophysics Data System}
}

@ARTICLE{penarrubia/etal:2008,
   author = {{Pe{\~n}arrubia}, J. and {Navarro}, J.~F. and {McConnachie}, A.~W.
    },
    title = "{The Tidal Evolution of Local Group Dwarf Spheroidals}",
  journal = {\apj},
archivePrefix = "arXiv",
   eprint = {0708.3087},
 keywords = {Cosmology: Dark Matter, Galaxies: Dwarf, Galaxies: Evolution, Galaxies: Kinematics and Dynamics, Galaxies: Local Group, Methods: n-Body Simulations},
     year = 2008,
    month = jan,
   volume = 673,
    pages = {226-240},
      doi = {10.1086/523686},
   adsurl = {http://adsabs.harvard.edu/abs/2008ApJ...673..226P},
  adsnote = {Provided by the SAO/NASA Astrophysics Data System}
}

@ARTICLE{penarrubia/etal:2010,
   author = {{Pe{\~n}arrubia}, J. and {Benson}, A.~J. and {Walker}, M.~G. and
    {Gilmore}, G. and {McConnachie}, A.~W. and {Mayer}, L.},
    title = "{The impact of dark matter cusps and cores on the satellite galaxy population around spiral galaxies}",
  journal = {\mnras},
archivePrefix = "arXiv",
   eprint = {1002.3376},
 primaryClass = "astro-ph.GA",
 keywords = {Galaxy: formation, galaxies: dwarf, dark ages, reionization, first stars, dark matter},
     year = 2010,
    month = aug,
   volume = 406,
    pages = {1290-1305},
      doi = {10.1111/j.1365-2966.2010.16762.x},
   adsurl = {http://adsabs.harvard.edu/abs/2010MNRAS.406.1290P},
  adsnote = {Provided by the SAO/NASA Astrophysics Data System}
}

@ARTICLE{pieri/etal:2008,
   author = {{Pieri}, L. and {Bertone}, G. and {Branchini}, E.},
    title = "{Dark matter annihilation in substructures revised}",
  journal = {\mnras},
archivePrefix = "arXiv",
   eprint = {0706.2101},
 keywords = {Galaxy: general , Galaxy: halo , galaxies: structure , dark matter , gamma-rays: observations , gamma-rays: theory},
     year = 2008,
    month = mar,
   volume = 384,
    pages = {1627-1637},
      doi = {10.1111/j.1365-2966.2007.12828.x},
   adsurl = {http://adsabs.harvard.edu/abs/2008MNRAS.384.1627P},
  adsnote = {Provided by the SAO/NASA Astrophysics Data System}
}

@ARTICLE{planck/etal:2015,
   author = {{Planck Collaboration} and {Ade}, P.~A.~R. and {Aghanim}, N. and 
    {Arnaud}, M. and {Ashdown}, M. and {Aumont}, J. and {Baccigalupi}, C. and 
    {Banday}, A.~J. and {Barreiro}, R.~B. and {Bartlett}, J.~G. and et al.},
    title = "{Planck 2015 results. XIII. Cosmological parameters}",
  journal = {ArXiv e-prints},
archivePrefix = "arXiv",
   eprint = {1502.01589},
 keywords = {Astrophysics - Cosmology and Nongalactic Astrophysics},
     year = 2015,
    month = feb,
   adsurl = {http://adsabs.harvard.edu/abs/2015arXiv150201589P},
  adsnote = {Provided by the SAO/NASA Astrophysics Data System}
}

@ARTICLE{pontecorvo:1958,
   author = {{Pontecorvo}, B.},
    title = "{Mesonium and Antimesonium}",
  journal = {Sov. Phys. JETP},
     year = 1958,
   volume = 6,
    pages = {429},
   adsurl = {http://adsabs.harvard.edu/abs/1958JETP....6..429P},
  adsnote = {Provided by the SAO/NASA Astrophysics Data System}
}

@ARTICLE{prochaska/etal:2009,
   author = {{Prochaska}, J.~X. and {O'Meara}, J.~M. and {Worseck}, G.},
    title = "{A Definitive Survey for Lyman Limit Systems at z \~{} 3.5 with the Sloan Digital Sky Survey}",
  journal = {\apj},
archivePrefix = "arXiv",
   eprint = {0912.0292},
 keywords = {diffuse radiation, intergalactic medium},
     year = 2010,
    month = jul,
   volume = 718,
    pages = {392-416},
      doi = {10.1088/0004-637X/718/1/392},
   adsurl = {http://adsabs.harvard.edu/abs/2010ApJ...718..392P},
  adsnote = {Provided by the SAO/NASA Astrophysics Data System}
}

@ARTICLE{pueblas/scoccimarro:2009,
   author = {{Pueblas}, S. and {Scoccimarro}, R.},
    title = "{Generation of vorticity and velocity dispersion by orbit crossing}",
  journal = {\prd},
archivePrefix = "arXiv",
   eprint = {0809.4606},
 keywords = {Cosmology, Dark matter},
     year = 2009,
    month = aug,
   volume = 80,
   number = 4,
      eid = {043504},
    pages = {043504},
      doi = {10.1103/PhysRevD.80.043504},
   adsurl = {http://adsabs.harvard.edu/abs/2009PhRvD..80d3504P},
  adsnote = {Provided by the SAO/NASA Astrophysics Data System}
}

@ARTICLE{pullen/etal:2014,
   author = {{Pullen}, A.~R. and {Benson}, A.~J. and {Moustakas}, L.~A.},
    title = "{Nonlinear evolution of dark matter subhalos and applications to warm dark matter}",
  journal = {ArXiv e-prints},
archivePrefix = "arXiv",
   eprint = {1407.8189},
 keywords = {Astrophysics - Cosmology and Nongalactic Astrophysics},
     year = 2014,
    month = jul,
   adsurl = {http://adsabs.harvard.edu/abs/2014arXiv1407.8189P},
  adsnote = {Provided by the SAO/NASA Astrophysics Data System}
}

% --------------------------------------- Q ---------------------------------------

% --------------------------------------- R ---------------------------------------

@ARTICLE{reed/etal:2007,
   author = {{Reed}, D.~S. and {Bower}, R. and {Frenk}, C.~S. and {Jenkins}, A. and 
    {Theuns}, T.},
    title = "{The halo mass function from the dark ages through the present day}",
  journal = {\mnras},
   eprint = {astro-ph/0607150},
 keywords = {methods: N-body simulations, galaxies: formation, galaxies: haloes, cosmology: theory, dark matter},
     year = 2007,
    month = jan,
   volume = 374,
    pages = {2-15},
      doi = {10.1111/j.1365-2966.2006.11204.x},
   adsurl = {http://adsabs.harvard.edu/abs/2007MNRAS.374....2R},
  adsnote = {Provided by the SAO/NASA Astrophysics Data System}
}

@ARTICLE{ricotti/ostriker:2004,
   author = {{Ricotti}, M. and {Ostriker}, J.~P.},
    title = "{X-ray pre-ionization powered by accretion on the first black holes - I. A model for the WMAP polarization measurement}",
  journal = {\mnras},
   eprint = {astro-ph/0311003},
 keywords = {methods: numerical, cosmology: theory},
     year = 2004,
    month = aug,
   volume = 352,
    pages = {547-562},
      doi = {10.1111/j.1365-2966.2004.07942.x},
   adsurl = {http://adsabs.harvard.edu/abs/2004MNRAS.352..547R},
  adsnote = {Provided by the SAO/NASA Astrophysics Data System}
}

@ARTICLE{ricotti/etal:2005,
   author = {{Ricotti}, M. and {Ostriker}, J.~P. and {Gnedin}, N.~Y.},
    title = "{X-ray pre-ionization powered by accretion on the first black holes - II. Cosmological simulations and observational signatures}",
  journal = {\mnras},
   eprint = {astro-ph/0404318},
 keywords = {methods: numerical, cosmology: theory},
     year = 2005,
    month = feb,
   volume = 357,
    pages = {207-219},
      doi = {10.1111/j.1365-2966.2004.08623.x},
   adsurl = {http://adsabs.harvard.edu/abs/2005MNRAS.357..207R},
  adsnote = {Provided by the SAO/NASA Astrophysics Data System}
}

@ARTICLE{ringwald/wong:2004,
   author = {{Ringwald}, A. and {Wong}, Y.~Y.~Y.},
    title = "{Gravitational clustering of relic neutrinos and implications for their detection}",
  journal = {\jcap},
   eprint = {hep-ph/0408241},
     year = 2004,
    month = dec,
   volume = 12,
      eid = {005},
    pages = {5},
      doi = {10.1088/1475-7516/2004/12/005},
   adsurl = {http://adsabs.harvard.edu/abs/2004JCAP...12..005R},
  adsnote = {Provided by the SAO/NASA Astrophysics Data System}
}

% --------------------------------------- S ---------------------------------------

@ARTICLE{sales/etal:2007,
   author = {{Sales}, L.~V. and {Navarro}, J.~F. and {Abadi}, M.~G. and {Steinmetz}, M.
    },
    title = "{Cosmic m{\'e}nage {\`a} trois: the origin of satellite galaxies on extreme orbits}",
  journal = {\mnras},
archivePrefix = "arXiv",
   eprint = {0704.1773},
 keywords = {galaxies: evolution, galaxies: formation, galaxies: haloes, galaxies: kinematics and dynamics},
     year = 2007,
    month = aug,
   volume = 379,
    pages = {1475-1483},
      doi = {10.1111/j.1365-2966.2007.12026.x},
   adsurl = {http://adsabs.harvard.edu/abs/2007MNRAS.379.1475S},
  adsnote = {Provided by the SAO/NASA Astrophysics Data System}
}

@ARTICLE{santos/etal:2010,
   author = {{Santos}, M.~G. and {Ferramacho}, L. and {Silva}, M.~B. and 
    {Amblard}, A. and {Cooray}, A.},
    title = "{Fast large volume simulations of the 21-cm signal from the reionization and pre-reionization epochs}",
  journal = {\mnras},
archivePrefix = "arXiv",
   eprint = {0911.2219},
 keywords = {methods: numerical, cosmology: theory, early Universe, large-scale structure of Universe},
     year = 2010,
    month = aug,
   volume = 406,
    pages = {2421-2432},
      doi = {10.1111/j.1365-2966.2010.16898.x},
   adsurl = {http://adsabs.harvard.edu/abs/2010MNRAS.406.2421S},
  adsnote = {Provided by the SAO/NASA Astrophysics Data System}
}

@ARTICLE{scherrer/bertschinger:1991,
   author = {{Scherrer}, R.~J. and {Bertschinger}, E.},
    title = "{Statistics of primordial density perturbations from discrete seed masses}",
  journal = {\apj},
 keywords = {Cosmology, Dark Matter, Space Density, Baryons, Density Wave Model, Mass, Perturbation Theory, Statistical Distributions},
     year = 1991,
    month = nov,
   volume = 381,
    pages = {349-360},
      doi = {10.1086/170658},
   adsurl = {http://adsabs.harvard.edu/abs/1991ApJ...381..349S},
  adsnote = {Provided by the SAO/NASA Astrophysics Data System}
}

@BOOK{schneider:2006,
   author = {{Schneider}, P.},
    title = "{Extragalactic Astronomy and Cosmology}",
booktitle = {Extragalactic Astronomy and Cosmology, by Peter Schneider.~Berlin: Springer, 2006.},
     year = 2006,
   adsurl = {http://adsabs.harvard.edu/abs/2006eac..book.....S},
  adsnote = {Provided by the SAO/NASA Astrophysics Data System}
}

@ARTICLE{shapiro/giroux:1987,
   author = {{Shapiro}, P.~R. and {Giroux}, M.~L.},
    title = "{Cosmological H II regions and the photoionization of the intergalactic medium}",
  journal = {\apjl},
 keywords = {Cosmology, H Ii Regions, Intergalactic Media, Photoionization, Quasars, Stellar Coronas, Computational Astrophysics, Ionizing Radiation, Red Shift, Universe},
     year = 1987,
    month = oct,
   volume = 321,
    pages = {L107-L112},
      doi = {10.1086/185015},
   adsurl = {http://adsabs.harvard.edu/abs/1987ApJ...321L.107S},
  adsnote = {Provided by the SAO/NASA Astrophysics Data System}
}

@ARTICLE{shapiro/etal:1994,
   author = {{Shapiro}, P.~R. and {Giroux}, M.~L. and {Babul}, A.},
    title = "{Reionization in a cold dark matter universe: The feedback of galaxy formation on the intergalactic medium}",
  journal = {\apj},
     year = 1994,
    month = may,
   volume = 427,
    pages = {25-50},
      doi = {10.1086/174120},
   adsurl = {http://adsabs.harvard.edu/cgi-bin/nph-bib_query?bibcode=1994ApJ...427...25S&db_key=AST},
  adsnote = {Provided by the Smithsonian/NASA Astrophysics Data System}
}

@ARTICLE{shapiro/etal:2004,
   author = {{Shapiro}, P.~R. and {Iliev}, I.~T. and {Raga}, A.~C.},
    title = "{Photoevaporation of cosmological minihaloes during reionization}",
  journal = {\mnras},
   eprint = {astro-ph/0307266},
 keywords = {hydrodynamics, radiative transfer, galaxies: haloes, galaxies: high-redshift, intergalactic medium, cosmology: theory},
     year = 2004,
    month = mar,
   volume = 348,
    pages = {753-782},
      doi = {10.1111/j.1365-2966.2004.07364.x},
   adsurl = {http://adsabs.harvard.edu/abs/2004MNRAS.348..753S},
  adsnote = {Provided by the SAO/NASA Astrophysics Data System}
}

@ARTICLE{shull/etal:2012,
   author = {{Shull}, J.~M. and {Harness}, A. and {Trenti}, M. and {Smith}, B.~D.
    },
    title = "{Critical Star Formation Rates for Reionization: Full Reionization Occurs at Redshift z {\ap} 7}",
  journal = {\apj},
 keywords = {dark ages, reionization, first stars, galaxies: high-redshift, intergalactic medium},
     year = 2012,
    month = mar,
   volume = 747,
      eid = {100},
    pages = {100},
      doi = {10.1088/0004-637X/747/2/100},
   adsurl = {http://adsabs.harvard.edu/abs/2012ApJ...747..100S},
  adsnote = {Provided by the SAO/NASA Astrophysics Data System}
}

@ARTICLE{slater/bell:2013,
   author = {{Slater}, C.~T. and {Bell}, E.~F.},
    title = "{Confronting Models of Dwarf Galaxy Quenching with Observations of the Local Group}",
  journal = {\apj},
archivePrefix = "arXiv",
   eprint = {1306.1829},
 primaryClass = "astro-ph.CO",
 keywords = {galaxies: dwarf, galaxies: evolution, Local Group },
     year = 2013,
    month = aug,
   volume = 773,
      eid = {17},
    pages = {17},
      doi = {10.1088/0004-637X/773/1/17},
   adsurl = {http://adsabs.harvard.edu/abs/2013ApJ...773...17S},
  adsnote = {Provided by the SAO/NASA Astrophysics Data System}
}

@ARTICLE{smith/etal:2013,
   author = {{Smith}, R.~E. and {Peacock}, J.~A. and {Jenkins}, A. and {White}, S.~D.~M. and 
    {Frenk}, C.~S. and {Pearce}, F.~R. and {Thomas}, P.~A. and {Efstathiou}, G. and 
    {Couchman}, H.~M.~P.},
    title = "{Stable clustering, the halo model and non-linear cosmological power spectra}",
  journal = {\mnras},
   eprint = {astro-ph/0207664},
 keywords = {methods: N-body simulations, cosmology: theory, large-scale structure of Universe},
     year = 2003,
    month = jun,
   volume = 341,
    pages = {1311-1332},
      doi = {10.1046/j.1365-8711.2003.06503.x},
   adsurl = {http://adsabs.harvard.edu/abs/2003MNRAS.341.1311S},
  adsnote = {Provided by the SAO/NASA Astrophysics Data System}
}

@ARTICLE{so/etal:2014,
   author = {{So}, G.~C. and {Norman}, M.~L. and {Reynolds}, D.~R. and {Wise}, J.~H.
    },
    title = "{Fully Coupled Simulation of Cosmic Reionization. II. Recombinations, Clumping Factors, and the Photon Budget for Reionization}",
  journal = {\apj},
archivePrefix = "arXiv",
   eprint = {1311.2152},
 keywords = {cosmology: theory, intergalactic medium, large-scale structure of universe},
     year = 2014,
    month = jul,
   volume = 789,
      eid = {149},
    pages = {149},
      doi = {10.1088/0004-637X/789/2/149},
   adsurl = {http://adsabs.harvard.edu/abs/2014ApJ...789..149S},
  adsnote = {Provided by the SAO/NASA Astrophysics Data System}
}

@ARTICLE{sobacchi/mesinger:2014,
   author = {{Sobacchi}, E. and {Mesinger}, A.},
    title = "{Inhomogeneous recombinations during cosmic reionization}",
  journal = {\mnras},
archivePrefix = "arXiv",
   eprint = {1402.2298},
 keywords = {galaxies: formation, galaxies: high-redshift, intergalactic medium, cosmology: theory, dark ages, reionization, first stars, early Universe},
     year = 2014,
    month = may,
   volume = 440,
    pages = {1662-1673},
      doi = {10.1093/mnras/stu377},
   adsurl = {http://adsabs.harvard.edu/abs/2014MNRAS.440.1662S},
  adsnote = {Provided by the SAO/NASA Astrophysics Data System}
}

@ARTICLE{spergel/etal:2007,
   author = {{Spergel}, D.~N. and {Bean}, R. and {Dor{\'e}}, O. and {Nolta}, M.~R. and
    {Bennett}, C.~L. and {Dunkley}, J. and {Hinshaw}, G. and {Jarosik}, N. and
    {Komatsu}, E. and {Page}, L. and {Peiris}, H.~V. and {Verde}, L. and
    {Halpern}, M. and {Hill}, R.~S. and {Kogut}, A. and {Limon}, M. and
    {Meyer}, S.~S. and {Odegard}, N. and {Tucker}, G.~S. and {Weiland}, J.~L. and
    {Wollack}, E. and {Wright}, E.~L.},
    title = "{Three-Year Wilkinson Microwave Anisotropy Probe (WMAP) Observations: Implications for Cosmology}",
  journal = {\apjs},
   eprint = {astro-ph/0603449},
 keywords = {Cosmology: Cosmic Microwave Background, Cosmology: Observations},
     year = 2007,
    month = jun,
   volume = 170,
    pages = {377-408},
      doi = {10.1086/513700},
   adsurl = {http://adsabs.harvard.edu/abs/2007ApJS..170..377S},
  adsnote = {Provided by the SAO/NASA Astrophysics Data System}
}

@ARTICLE{springel/etal:2001,
   author = {{Springel}, V. and {White}, S.~D.~M. and {Tormen}, G. and {Kauffmann}, G.
    },
    title = "{Populating a cluster of galaxies - I. Results at [formmu2]z=0}",
  journal = {\mnras},
   eprint = {astro-ph/0012055},
 keywords = {GALAXIES: CLUSTERS: GENERAL, GALAXIES: FORMATION, DARK MATTER},
     year = 2001,
    month = dec,
   volume = 328,
    pages = {726-750},
      doi = {10.1046/j.1365-8711.2001.04912.x},
   adsurl = {http://adsabs.harvard.edu/abs/2001MNRAS.328..726S},
  adsnote = {Provided by the SAO/NASA Astrophysics Data System}
}

@ARTICLE{springel:2005,
   author = {{Springel}, V.},
    title = "{The cosmological simulation code GADGET-2}",
  journal = {\mnras},
   eprint = {arXiv:astro-ph/0505010},
     year = 2005,
    month = dec,
   volume = 364,
    pages = {1105-1134},
      doi = {10.1111/j.1365-2966.2005.09655.x},
   adsurl = {http://adsabs.harvard.edu/abs/2005MNRAS.364.1105S},
  adsnote = {Provided by the SAO/NASA Astrophysics Data System}
}

@ARTICLE{springel/etal:2008,
   author = {{Springel}, V. and {Wang}, J. and {Vogelsberger}, M. and {Ludlow}, A. and
    {Jenkins}, A. and {Helmi}, A. and {Navarro}, J.~F. and {Frenk}, C.~S. and
    {White}, S.~D.~M.},
    title = "{The Aquarius Project: the subhaloes of galactic haloes}",
  journal = {\mnras},
archivePrefix = "arXiv",
   eprint = {0809.0898},
 keywords = {methods: numerical , dark matter},
     year = 2008,
    month = dec,
   volume = 391,
    pages = {1685-1711},
      doi = {10.1111/j.1365-2966.2008.14066.x},
   adsurl = {http://adsabs.harvard.edu/abs/2008MNRAS.391.1685S},
  adsnote = {Provided by the SAO/NASA Astrophysics Data System}
}

@ARTICLE{storrie-lombardi/etal:1994,
   author = {{Storrie-Lombardi}, L.~J. and {McMahon}, R.~G. and {Irwin}, M.~J. and
    {Hazard}, C.},
    title = "{Evolution of Lyman-limit absorption systems over the redshift range 0.40 less than Z less than 4.69}",
  journal = {\apjl},
 keywords = {ABSORPTION SPECTRA, DENSITY DISTRIBUTION, ELECTROMAGNETIC ABSORPTION, GALACTIC EVOLUTION, GALAXIES, LYMAN SPECTRA, QUASARS, RED SHIFT, ULTRAVIOLET ASTRONOMY, ASTRONOMICAL OBSERVATORIES, CHARGE COUPLED DEVICES, HUBBLE SPACE TELESCOPE, SPECTROSCOPIC TELESCOPES, ULTRAVIOLET DETECTORS},
     year = 1994,
    month = may,
   volume = 427,
    pages = {L13-L16},
      doi = {10.1086/187353},
   adsurl = {http://adsabs.harvard.edu/abs/1994ApJ...427L..13S},
  adsnote = {Provided by the SAO/NASA Astrophysics Data System}
}

% --------------------------------------- T ---------------------------------------

@ARTICLE{taffoni/etal:2003,
   author = {{Taffoni}, G. and {Mayer}, L. and {Colpi}, M. and {Governato}, F.
    },
    title = "{On the life and death of satellite haloes}",
  journal = {\mnras},
   eprint = {astro-ph/0301271},
 keywords = {methods: analytical, methods: numerical, galaxies: interactions, galaxies: kinematics and dynamics, dark matter},
     year = 2003,
    month = may,
   volume = 341,
    pages = {434-448},
      doi = {10.1046/j.1365-8711.2003.06395.x},
   adsurl = {http://adsabs.harvard.edu/abs/2003MNRAS.341..434T},
  adsnote = {Provided by the SAO/NASA Astrophysics Data System}
}

@ARTICLE{taylor/babul:2004a,
   author = {{Taylor}, J.~E. and {Babul}, A.},
    title = "{The evolution of substructure in galaxy, group and cluster haloes - I. Basic dynamics}",
  journal = {\mnras},
   eprint = {astro-ph/0301612},
 keywords = {methods: numerical, galaxies: clusters: general, galaxies: formation, galaxies: haloes, cosmology: theory, dark matter},
     year = 2004,
    month = mar,
   volume = 348,
    pages = {811-830},
      doi = {10.1111/j.1365-2966.2004.07395.x},
   adsurl = {http://adsabs.harvard.edu/abs/2004MNRAS.348..811T},
  adsnote = {Provided by the SAO/NASA Astrophysics Data System}
}

@ARTICLE{tegmark/etal:1997,
   author = {{Tegmark}, M. and {Silk}, J. and {Rees}, M.~J. and {Blanchard}, A. and
    {Abel}, T. and {Palla}, F.},
    title = "{How Small Were the First Cosmological Objects?}",
  journal = {\apj},
   eprint = {arXiv:astro-ph/9603007},
 keywords = {COSMOLOGY: THEORY, COSMOLOGY: EARLY UNIVERSE, GALAXIES: FORMATION},
     year = 1997,
    month = jan,
   volume = 474,
    pages = {1-+},
      doi = {10.1086/303434},
   adsurl = {http://adsabs.harvard.edu/abs/1997ApJ...474....1T},
  adsnote = {Provided by the SAO/NASA Astrophysics Data System}
}

@ARTICLE{tormen/etal:1997,
   author = {{Tormen}, G.},
    title = "{The rise and fall of satellites in galaxy clusters}",
  journal = {\mnras},
   eprint = {astro-ph/9611078},
 keywords = {COSMOLOGY: THEORY, DARK MATTER},
     year = 1997,
    month = sep,
   volume = 290,
    pages = {411-421},
   adsurl = {http://adsabs.harvard.edu/abs/1997MNRAS.290..411T},
  adsnote = {Provided by the SAO/NASA Astrophysics Data System}
}

@ARTICLE{trac/etal:2008,
   author = {{Trac}, H. and {Cen}, R. and {Loeb}, A.},
    title = "{Imprint of Inhomogeneous Hydrogen Reionization on the Temperature Distribution of the Intergalactic Medium}",
  journal = {\apjl},
archivePrefix = "arXiv",
   eprint = {0807.4530},
 keywords = {Cosmology: Theory, Hydrodynamics, Galaxies: Intergalactic Medium, Cosmology: Large-Scale Structure of Universe, Methods: Numerical, Radiative Transfer},
     year = 2008,
    month = dec,
   volume = 689,
    pages = {L81-L84},
      doi = {10.1086/595678},
   adsurl = {http://adsabs.harvard.edu/abs/2008ApJ...689L..81T},
  adsnote = {Provided by the SAO/NASA Astrophysics Data System}
}

@ARTICLE{trenti/etal:2010,
   author = {{Trenti}, M. and {Stiavelli}, M. and {Bouwens}, R.~J. and {Oesch}, P. and 
    {Shull}, J.~M. and {Illingworth}, G.~D. and {Bradley}, L.~D. and 
    {Carollo}, C.~M.},
    title = "{The Galaxy Luminosity Function During the Reionization Epoch}",
  journal = {\apjl},
archivePrefix = "arXiv",
   eprint = {1004.0384},
 keywords = {cosmology: theory, early universe, galaxies: high-redshift, stars: formation},
     year = 2010,
    month = may,
   volume = 714,
    pages = {L202-L207},
      doi = {10.1088/2041-8205/714/2/L202},
   adsurl = {http://adsabs.harvard.edu/abs/2010ApJ...714L.202T},
  adsnote = {Provided by the SAO/NASA Astrophysics Data System}
}

@ARTICLE{tseliakhovich/hirata:2010,
   author = {{Tseliakhovich}, D. and {Hirata}, C.},
    title = "{Relative velocity of dark matter and baryonic fluids and the formation of the first structures}",
  journal = {\prd},
archivePrefix = "arXiv",
   eprint = {1005.2416},
 keywords = {Superclusters, large-scale structure of the Universe, Observational cosmology},
     year = 2010,
    month = oct,
   volume = 82,
   number = 8,
      eid = {083520},
    pages = {083520},
      doi = {10.1103/PhysRevD.82.083520},
   adsurl = {http://adsabs.harvard.edu/abs/2010PhRvD..82h3520T},
  adsnote = {Provided by the SAO/NASA Astrophysics Data System}
}


% --------------------------------------- U ---------------------------------------

% --------------------------------------- V ---------------------------------------

@ARTICLE{vandenbosch/etal:2005,
   author = {{van den Bosch}, F.~C. and {Tormen}, G. and {Giocoli}, C.},
    title = "{The mass function and average mass-loss rate of dark matter subhaloes}",
  journal = {\mnras},
   eprint = {astro-ph/0409201},
 keywords = {methods: statistical, galaxies: haloes, cosmology: theory, dark matter},
     year = 2005,
    month = may,
   volume = 359,
    pages = {1029-1040},
      doi = {10.1111/j.1365-2966.2005.08964.x},
   adsurl = {http://adsabs.harvard.edu/abs/2005MNRAS.359.1029V},
  adsnote = {Provided by the SAO/NASA Astrophysics Data System}
}

@ARTICLE{vandenbosch/jiang:2015,
   author = {{van den Bosch}, F.~C. and {Jiang}, F.},
    title = "{Statistics of Dark Matter Substructure: II. Comparison of Model with Simulation Results}",
  journal = {ArXiv e-prints},
archivePrefix = "arXiv",
   eprint = {1403.6835},
 keywords = {Astrophysics - Cosmology and Nongalactic Astrophysics, Astrophysics - Astrophysics of Galaxies},
     year = 2014,
    month = mar,
   adsurl = {http://adsabs.harvard.edu/abs/2014arXiv1403.6835V},
  adsnote = {Provided by the SAO/NASA Astrophysics Data System}
}

@ARTICLE{viel/etal:2010,
   author = {{Viel}, M. and {Haehnelt}, M.~G. and {Springel}, V.},
    title = "{The effect of neutrinos on the matter distribution as probed by the intergalactic medium}",
  journal = {\jcap},
archivePrefix = "arXiv",
   eprint = {1003.2422},
     year = 2010,
    month = jun,
   volume = 6,
      eid = {015},
    pages = {15},
      doi = {10.1088/1475-7516/2010/06/015},
   adsurl = {http://adsabs.harvard.edu/abs/2010JCAP...06..015V},
  adsnote = {Provided by the SAO/NASA Astrophysics Data System}
}

@ARTICLE{villaescusa-navarro/etal:2013,
   author = {{Villaescusa-Navarro}, F. and {Bird}, S. and {Pe{\~n}a-Garay}, C. and 
    {Viel}, M.},
    title = "{Non-linear evolution of the cosmic neutrino background}",
  journal = {\jcap},
archivePrefix = "arXiv",
   eprint = {1212.4855},
     year = 2013,
    month = mar,
   volume = 3,
      eid = {019},
    pages = {19},
      doi = {10.1088/1475-7516/2013/03/019},
   adsurl = {http://adsabs.harvard.edu/abs/2013JCAP...03..019V},
  adsnote = {Provided by the SAO/NASA Astrophysics Data System}
}

% --------------------------------------- W ---------------------------------------

@ARTICLE{wang/etal:2005,
   author = {{Wang}, H.~Y. and {Jing}, Y.~P. and {Mao}, S. and {Kang}, X.
    },
    title = "{The phase-space distribution of infalling dark matter subhaloes}",
  journal = {\mnras},
   eprint = {astro-ph/0505142},
 keywords = {cosmology: theory, dark matter, large-scale structure of Universe},
     year = 2005,
    month = dec,
   volume = 364,
    pages = {424-432},
      doi = {10.1111/j.1365-2966.2005.09543.x},
   adsurl = {http://adsabs.harvard.edu/abs/2005MNRAS.364..424W},
  adsnote = {Provided by the SAO/NASA Astrophysics Data System}
}

@ARTICLE{wang/xing:2015,
   author = {{Wang}, Y. and {Xing}, Z.-z.},
    title = "{Neutrino Masses and Flavor Oscillations}",
  journal = {ArXiv e-prints},
archivePrefix = "arXiv",
   eprint = {1504.06155},
 primaryClass = "hep-ph",
 keywords = {High Energy Physics - Phenomenology, High Energy Physics - Experiment},
     year = 2015,
    month = apr,
   adsurl = {http://adsabs.harvard.edu/abs/2015arXiv150406155W},
  adsnote = {Provided by the SAO/NASA Astrophysics Data System}
}

@ARTICLE{warren/etal:2006,
   author = {{Warren}, M.~S. and {Abazajian}, K. and {Holz}, D.~E. and {Teodoro}, L.
    },
    title = "{Precision Determination of the Mass Function of Dark Matter Halos}",
  journal = {\apj},
   eprint = {astro-ph/0506395},
 keywords = {Cosmology: Theory, Galaxies: Halos},
     year = 2006,
    month = aug,
   volume = 646,
    pages = {881-885},
      doi = {10.1086/504962},
   adsurl = {http://adsabs.harvard.edu/abs/2006ApJ...646..881W},
  adsnote = {Provided by the SAO/NASA Astrophysics Data System}
}

@ARTICLE{wechsler/etal:2002,
   author = {{Wechsler}, R.~H. and {Bullock}, J.~S. and {Primack}, J.~R. and
    {Kravtsov}, A.~V. and {Dekel}, A.},
    title = "{Concentrations of Dark Halos from Their Assembly Histories}",
  journal = {\apj},
   eprint = {astro-ph/0108151},
 keywords = {Cosmology: Theory, Cosmology: Dark Matter, Galaxies: Evolution, Galaxies: Formation, Galaxies: Halos, Galaxies: Structure},
     year = 2002,
    month = mar,
   volume = 568,
    pages = {52-70},
      doi = {10.1086/338765},
   adsurl = {http://adsabs.harvard.edu/abs/2002ApJ...568...52W},
  adsnote = {Provided by the SAO/NASA Astrophysics Data System}
}

@ARTICLE{weinberg/etal:2013,
   author = {{Weinberg}, D.~H. and {Bullock}, J.~S. and {Governato}, F. and 
    {Kuzio de Naray}, R. and {Peter}, A.~H.~G.},
    title = "{Cold dark matter: controversies on small scales}",
  journal = {ArXiv e-prints},
archivePrefix = "arXiv",
   eprint = {1306.0913},
 primaryClass = "astro-ph.CO",
 keywords = {Astrophysics - Cosmology and Extragalactic Astrophysics},
     year = 2013,
    month = jun,
   adsurl = {http://adsabs.harvard.edu/abs/2013arXiv1306.0913W},
  adsnote = {Provided by the SAO/NASA Astrophysics Data System}
}

@ARTICLE{wetzel:2011,
   author = {{Wetzel}, A.~R.},
    title = "{On the orbits of infalling satellite haloes}",
  journal = {\mnras},
archivePrefix = "arXiv",
   eprint = {1001.4792},
 primaryClass = "astro-ph.CO",
 keywords = {methods: numerical, galaxies: haloes, galaxies: kinematics and dynamics, cosmology: theory},
     year = 2011,
    month = mar,
   volume = 412,
    pages = {49-58},
      doi = {10.1111/j.1365-2966.2010.17877.x},
   adsurl = {http://adsabs.harvard.edu/abs/2011MNRAS.412...49W},
  adsnote = {Provided by the SAO/NASA Astrophysics Data System}
}

@ARTICLE{wetzel/etal:2015,
   author = {{Wetzel}, A.~R. and {Deason}, A.~J. and {Garrison-Kimmel}, S.
    },
    title = "{Satellite Dwarf Galaxies in a Hierarchical Universe: Infall Histories, Group Preprocessing, and Reionization}",
  journal = {ArXiv e-prints},
archivePrefix = "arXiv",
   eprint = {1501.01972},
 keywords = {Astrophysics - Astrophysics of Galaxies, Astrophysics - Cosmology and Nongalactic Astrophysics},
     year = 2015,
    month = jan,
   adsurl = {http://adsabs.harvard.edu/abs/2015arXiv150101972W},
  adsnote = {Provided by the SAO/NASA Astrophysics Data System}
}

@ARTICLE{wise/abel:2008,
   author = {{Wise}, J.~H. and {Abel}, T.},
    title = "{Resolving the Formation of Protogalaxies. III. Feedback from the First Stars}",
  journal = {\apj},
archivePrefix = "arXiv",
   eprint = {0710.3160},
 keywords = {Cosmology: Theory, Galaxies: Dwarf, Galaxies: High-Redshift, Stars: Formation},
     year = 2008,
    month = sep,
   volume = 685,
    pages = {40-56},
      doi = {10.1086/590417},
   adsurl = {http://adsabs.harvard.edu/abs/2008ApJ...685...40W},
  adsnote = {Provided by the SAO/NASA Astrophysics Data System}
}

@ARTICLE{wise/cen:2009,
   author = {{Wise}, J.~H. and {Cen}, R.},
    title = "{Ionizing Photon Escape Fractions From High-Redshift Dwarf Galaxies}",
  journal = {\apj},
archivePrefix = "arXiv",
   eprint = {0808.2477},
 keywords = {cosmology: theory, galaxies: dwarf, galaxies: formation, galaxies: high-redshift, radiative transfer},
     year = 2009,
    month = mar,
   volume = 693,
    pages = {984-999},
      doi = {10.1088/0004-637X/693/1/984},
   adsurl = {http://adsabs.harvard.edu/abs/2009ApJ...693..984W},
  adsnote = {Provided by the SAO/NASA Astrophysics Data System}
}

@ARTICLE{wise/etal:2012,
   author = {{Wise}, J.~H. and {Turk}, M.~J. and {Norman}, M.~L. and {Abel}, T.
    },
    title = "{The Birth of a Galaxy: Primordial Metal Enrichment and Stellar Populations}",
  journal = {\apj},
archivePrefix = "arXiv",
   eprint = {1011.2632},
 keywords = {dark ages, reionization, first stars, galaxies: dwarf, galaxies: high-redshift, galaxies: star formation, radiative transfer},
     year = 2012,
    month = jan,
   volume = 745,
      eid = {50},
    pages = {50},
      doi = {10.1088/0004-637X/745/1/50},
   adsurl = {http://adsabs.harvard.edu/abs/2012ApJ...745...50W},
  adsnote = {Provided by the SAO/NASA Astrophysics Data System}
}

@ARTICLE{wolfenstein:1978,
   author = {{Wolfenstein}, L.},
    title = "{Neutrino oscillations in matter}",
  journal = {\prd},
     year = 1978,
    month = may,
   volume = 17,
    pages = {2369-2374},
      doi = {10.1103/PhysRevD.17.2369},
   adsurl = {http://adsabs.harvard.edu/abs/1978PhRvD..17.2369W},
  adsnote = {Provided by the SAO/NASA Astrophysics Data System}
}

% --------------------------------------- X ---------------------------------------

@ARTICLE{xia/etal:2012,
   author = {{Xia}, J.-Q. and {Granett}, B.~R. and {Viel}, M. and {Bird}, S. and 
    {Guzzo}, L. and {Haehnelt}, M.~G. and {Coupon}, J. and {McCracken}, H.~J. and 
    {Mellier}, Y.},
    title = "{Constraints on massive neutrinos from the CFHTLS angular power spectrum}",
  journal = {\jcap},
archivePrefix = "arXiv",
   eprint = {1203.5105},
     year = 2012,
    month = jun,
   volume = 6,
      eid = {010},
    pages = {10},
      doi = {10.1088/1475-7516/2012/06/010},
   adsurl = {http://adsabs.harvard.edu/abs/2012JCAP...06..010X},
  adsnote = {Provided by the SAO/NASA Astrophysics Data System}
}

% --------------------------------------- Y ---------------------------------------

@ARTICLE{yang/etal:2011,
   author = {{Yang}, X. and {Mo}, H.~J. and {Zhang}, Y. and {van den Bosch}, F.~C.
    },
    title = "{An Analytical Model for the Accretion of Dark Matter Subhalos}",
  journal = {\apj},
archivePrefix = "arXiv",
   eprint = {1104.1757},
 primaryClass = "astro-ph.CO",
 keywords = {dark matter, galaxies: formation, galaxies: halos},
     year = 2011,
    month = nov,
   volume = 741,
      eid = {13},
    pages = {13},
      doi = {10.1088/0004-637X/741/1/13},
   adsurl = {http://adsabs.harvard.edu/abs/2011ApJ...741...13Y},
  adsnote = {Provided by the SAO/NASA Astrophysics Data System}
}

@ARTICLE{yoshida/etal:2003,
   author = {{Yoshida}, N. and {Abel}, T. and {Hernquist}, L. and {Sugiyama}, N.
    },
    title = "{Simulations of Early Structure Formation: Primordial Gas Clouds}",
  journal = {\apj},
   eprint = {astro-ph/0301645},
 keywords = {Cosmology: Theory, Cosmology: Early Universe, Galaxies: Formation, Stars: Formation},
     year = 2003,
    month = aug,
   volume = 592,
    pages = {645-663},
      doi = {10.1086/375810},
   adsurl = {http://adsabs.harvard.edu/abs/2003ApJ...592..645Y},
  adsnote = {Provided by the SAO/NASA Astrophysics Data System}
}

@ARTICLE{yoshida/etal:2007,
   author = {{Yoshida}, N. and {Oh}, S.~P. and {Kitayama}, T. and {Hernquist}, L.
    },
    title = "{Early Cosmological H II/He III Regions and Their Impact on Second-Generation Star Formation}",
  journal = {\apj},
   eprint = {astro-ph/0610819},
 keywords = {Cosmology: Theory, Cosmology: Early Universe, Galaxies: Formation, Stars: Formation},
     year = 2007,
    month = jul,
   volume = 663,
    pages = {687-707},
      doi = {10.1086/518227},
   adsurl = {http://adsabs.harvard.edu/abs/2007ApJ...663..687Y},
  adsnote = {Provided by the SAO/NASA Astrophysics Data System}
}


% --------------------------------------- Z ---------------------------------------

@ARTICLE{zahn/etal:2005,
   author = {{Zahn}, O. and {Zaldarriaga}, M. and {Hernquist}, L. and {McQuinn}, M.
    },
    title = "{The Influence of Nonuniform Reionization on the CMB}",
  journal = {\apj},
   eprint = {astro-ph/0503166},
 keywords = {Cosmology: Cosmic Microwave Background, Cosmology: Theory, Cosmology: Large-Scale Structure of Universe},
     year = 2005,
    month = sep,
   volume = 630,
    pages = {657-666},
      doi = {10.1086/431947},
   adsurl = {http://adsabs.harvard.edu/abs/2005ApJ...630..657Z},
  adsnote = {Provided by the SAO/NASA Astrophysics Data System}
}

@ARTICLE{zeldovich:1970,
   author = {{Zel'dovich}, Y.~B.},
    title = "{Gravitational instability: An approximate theory for large density perturbations.}",
  journal = {\aap},
     year = 1970,
    month = mar,
   volume = 5,
    pages = {84-89},
   adsurl = {http://adsabs.harvard.edu/abs/1970A%26A.....5...84Z},
  adsnote = {Provided by the SAO/NASA Astrophysics Data System}
}

@ARTICLE{zemp/etal:2009,
   author = {{Zemp}, M. and {Diemand}, J. and {Kuhlen}, M. and {Madau}, P. and 
    {Moore}, B. and {Potter}, D. and {Stadel}, J. and {Widrow}, L.
    },
    title = "{The graininess of dark matter haloes}",
  journal = {\mnras},
archivePrefix = "arXiv",
   eprint = {0812.2033},
 keywords = {methods: N-body simulations , methods: numerical , galaxies: haloes , galaxies: kinematics and dynamics , galaxies: structure , dark matter},
     year = 2009,
    month = apr,
   volume = 394,
    pages = {641-659},
      doi = {10.1111/j.1365-2966.2008.14361.x},
   adsurl = {http://adsabs.harvard.edu/abs/2009MNRAS.394..641Z},
  adsnote = {Provided by the SAO/NASA Astrophysics Data System}
}

@ARTICLE{zentner/etal:2005,
   author = {{Zentner}, A.~R. and {Berlind}, A.~A. and {Bullock}, J.~S. and
    {Kravtsov}, A.~V. and {Wechsler}, R.~H.},
    title = "{The Physics of Galaxy Clustering. I. A Model for Subhalo Populations}",
  journal = {\apj},
   eprint = {astro-ph/0411586},
 keywords = {Cosmology: Theory, Cosmology: Dark Matter, Galaxies: Formation, Galaxies: Halos, Galaxies: Structure, Cosmology: Large-Scale Structure of Universe},
     year = 2005,
    month = may,
   volume = 624,
    pages = {505-525},
      doi = {10.1086/428898},
   adsurl = {http://adsabs.harvard.edu/abs/2005ApJ...624..505Z},
  adsnote = {Provided by the SAO/NASA Astrophysics Data System}
}

@ARTICLE{zhang/etal:2015,
   author = {{Zhang}, P. and {Zheng}, Y. and {Jing}, Y.},
    title = "{Sampling artifact in volume weighted velocity measurement. I. Theoretical modeling}",
  journal = {\prd},
archivePrefix = "arXiv",
   eprint = {1405.7125},
 keywords = {Cosmology, Dark energy, Origin and formation of the Universe, Observational cosmology},
     year = 2015,
    month = feb,
   volume = 91,
   number = 4,
      eid = {043522},
    pages = {043522},
      doi = {10.1103/PhysRevD.91.043522},
   adsurl = {http://adsabs.harvard.edu/abs/2015PhRvD..91d3522Z},
  adsnote = {Provided by the SAO/NASA Astrophysics Data System}
}

@ARTICLE{zheng/etal:2015,
   author = {{Zheng}, Y. and {Zhang}, P. and {Jing}, Y.},
    title = "{Sampling artifact in volume weighted velocity measurement. II. Detection in simulations and comparison with theoretical modeling}",
  journal = {\prd},
archivePrefix = "arXiv",
   eprint = {1409.6809},
 keywords = {Cosmology, Dark energy, Origin and formation of the Universe},
     year = 2015,
    month = feb,
   volume = 91,
   number = 4,
      eid = {043523},
    pages = {043523},
      doi = {10.1103/PhysRevD.91.043523},
   adsurl = {http://adsabs.harvard.edu/abs/2015PhRvD..91d3523Z},
  adsnote = {Provided by the SAO/NASA Astrophysics Data System}
}

@ARTICLE{zhu/etal:2014a,
   author = {{Zhu}, H.-M. and {Pen}, U.-L. and {Chen}, X. and {Inman}, D. and 
    {Yu}, Y.},
    title = "{Measurement of Neutrino Masses from Relative Velocities}",
  journal = {Physical Review Letters},
archivePrefix = "arXiv",
   eprint = {1311.3422},
 keywords = {Superclusters, large-scale structure of the Universe, Neutrino mass and mixing, Dark matter, Astronomical catalogs atlases sky surveys databases retrieval systems archives etc.},
     year = 2014,
    month = sep,
   volume = 113,
   number = 13,
      eid = {131301},
    pages = {131301},
      doi = {10.1103/PhysRevLett.113.131301},
   adsurl = {http://adsabs.harvard.edu/abs/2014PhRvL.113m1301Z},
  adsnote = {Provided by the SAO/NASA Astrophysics Data System}
}

@ARTICLE{zhu/etal:2014b,
   author = {{Zhu}, H.-M. and {Pen}, U.-L. and {Chen}, X. and {Inman}, D.
    },
    title = "{Probing Neutrino Hierarchy and Chirality via Wakes}",
  journal = {ArXiv e-prints},
archivePrefix = "arXiv",
   eprint = {1412.1660},
 keywords = {Astrophysics - Cosmology and Nongalactic Astrophysics, High Energy Physics - Phenomenology},
     year = 2014,
    month = dec,
   adsurl = {http://adsabs.harvard.edu/abs/2014arXiv1412.1660Z},
  adsnote = {Provided by the SAO/NASA Astrophysics Data System}
}


